2940 4514
881 314 889 331 e

444 369 453 386 '
483 364 518 383 '⁰
536 311 737 410 οζο”ἶτνο·.,2;
762 346 840 397 τοο·
865 328 874 345 .
896 329 914 374 ⁹,

243 494 338 555 Hunc
359 493 417 555 sibi
441 496 605 575 proposuit
625 498 654 557 in
679 502 819 559 carmine
840 499 1057 579 componendo
1081 501 1193 582 linem,
1222 512 1257 565 ut

159 605 191 663 io
213 602 304 681 epica
327 602 506 664 narratione
528 603 695 666 duodecim
719 606 856 667 virtutes
878 606 1041 686 primarias
1054 604 1257 691 depingeret,
1309 650 1316 663 ι

160 720 192 771 et
221 709 349 772 totidem
380 714 519 793 equitnm
550 715 694 796 egregiis
726 714 920 776 facinoribus
953 717 1138 778 illustraret.
1194 717 1258 795 Qui

160 818 285 898 equites
305 835 375 879 cum
398 837 437 880 ea
450 819 649 900 susciperent
665 821 816 897 facinere,
840 832 874 883 ut
887 821 1099 887 Fatidicarnm
1111 823 1258 905 Reginae

158 927 294 1007 gretiam
328 927 388 987 sibi
421 928 643 1005 conciliarent,
677 928 859 1007 inscriptum
889 937 941 990 est
972 946 1099 991 carmen
1132 930 1257 992 nemine

159 1030 276 1092 Faerie
305 1029 447 1107 Queene.
503 1030 693 1110 Complures
721 1033 838 1111 critici,
868 1043 997 1112 prepter
1028 1035 1122 1096 buius
1151 1041 1258 1117 operis

159 1137 398 1218 praestantiam,
421 1137 617 1217 Spenserum
633 1138 663 1198 iu
678 1157 809 1200 numero
826 1141 996 1221 principum
1013 1150 1178 1220 poetarum
1196 1161 1259 1206 noa

158 1260 230 1304 cnm
263 1241 452 1321 Cbeueero,
482 1243 707 1327 Shakspeero,
740 1247 873 1309 Miltone
895 1249 1143 1312 collocaverunt.
1186 1249 1258 1309 Nos

157 1368 323 1410 veronen
345 1349 376 1411 id
400 1350 491 1438 nobis
510 1353 745 1433 proposuimus,
769 1366 802 1415 ut
823 1355 908 1417 benc
930 1357 1087 1436 poeticam
1110 1357 1258 1417 carminis

157 1456 308 1517 virtutem
338 1456 581 1537 exhiberemus,
612 1457 670 1520 sed
697 1461 801 1539 potina
827 1470 862 1520 ut
890 1479 1155 1543 sermonemque
1178 1480 1257 1524 usus

155 1570 208 1623 est
232 1572 330 1643 poete
349 1574 620 1646 percontaremur,
642 1567 776 1648 eiusque
796 1570 934 1630 rationes
954 1579 984 1633 et
1004 1570 1097 1652 leges
1120 1569 1256 1631 demon-

155 1678 339 1731 straremus.
385 1671 574 1752 Priusquam
601 1682 706 1734 autem
730 1674 830 1752 ipsam
860 1693 924 1734 rem
954 1675 1175 1757 aggredimur,
1203 1675 1257 1737 di·

156 1775 290 1838 cendum
312 1776 428 1856 aliquid
455 1776 579 1838 videtur
605 1776 646 1839 de
676 1778 779 1859 lingna
801 1780 1089 1860 Aegio-Saxonice
1110 1792 1142 1842 et
1164 1783 1255 1843 Nor-

155 1882 466 1967 mannice-Gallica,
496 1886 638 1947 lontibus
662 1888 790 1967 linguae
813 1886 994 1967 Anglicae,
1018 1898 1052 1949 ut
1073 1890 1255 1951 accuratius

157 2007 395 2072 cognoscamus
423 1991 585 2074 ingenium
613 1993 767 2071 legesque
796 1992 954 2055 idiomatis
982 2012 1045 2076 quo
1074 1995 1255 2075 Spenserns

160 2118 239 2163 nsua
262 2109 321 2164 eat.

239 2206 331 2284 Quas
352 2206 480 2291 linguas
505 2206 626 2286 priscas
651 2208 764 2266 sicum
780 2205 888 2287 lingna
904 2207 1041 2289 Anglica
1057 2227 1149 2291 qnam
1173 2226 1254 2270 nunc

155 2314 323 2394 loquuntur
345 2330 581 2393 comparamus,
614 2314 786 2373 mirandam
809 2312 966 2391 quandem
990 2315 1158 2376 verborum
1181 2317 1255 2376 bre-

156 2421 287 2481 vitatem
317 2420 519 2499 llexuumqne
546 2419 738 2500 paucitatem
769 2418 908 2480 decursu
942 2428 1117 2501 temporum
1150 2432 1252 2483 ortam

156 2548 232 2591 esse
254 2530 491 2610 cognoscimus.
534 2530 606 2589 ilco
626 2518 732 2588 temen
755 2527 922 2589 brevitatis
946 2526 1084 2588 studium
1106 2527 1180 2589 nibil
1205 2534 1257 2588 est

154 2637 315 2717 peculiare
339 2639 466 2719 linguae
487 2635 654 2717 Anglioae,
679 2634 739 2695 sed
762 2637 868 2716 potius
891 2621 962 2696 com
980 2637 1116 2697 caeteris
1132 2634 1250 2715 linguis

161 2740 462 2804 lodo-Germanicis
476 2758 652 2804 commune.
675 2740 760 2800 Nem
772 2772 811 2784 -
827 2748 860 2799 nt
873 2739 933 2801 bec
948 2740 1103 2819 omittam,
1117 2740 1254 2821 linguam

156 2852 303 2915 Latinam
334 2851 394 2910 iem
427 2849 591 2911 breviores
622 2848 740 2908 bebere
768 2845 1006 2906 terminationes
1028 2863 1121 2927 qnam
1146 2847 1255 2926 lingue

155 2957 352 3020 Senseritiea
372 2988 411 3001 -
434 2955 649 3037 intelligimus,
672 2955 699 3015 si
722 2971 796 3016 cum
821 2955 892 3034 ipse
915 2955 1022 3035 lingue
1045 2953 1160 3016 Latine
1182 2951 1254 3014 die·

155 3068 260 3128 lectos
291 3086 333 3129 ex
363 3083 405 3126 ee
435 3064 598 3127 derivatas
630 3082 870 3145 comparamus,
900 3063 1017 3126 multos
1043 3065 1201 3124 neminum
1223 3068 1257 3122 et

156 3174 322 3234 verberum
352 3172 455 3232 flexus
482 3180 657 3251 temporum
691 3171 828 3233 decursu
857 3176 1052 3251 evanuisse,
1084 3187 1255 3250 eorumque
1337 3154 1341 3159 ¹

155 3282 225 3344 loco
249 3280 500 3361 praepositiones
522 3287 578 3341 eut
598 3279 697 3341 verba
711 3281 878 3341 auxiliaria
891 3298 965 3340 esse
980 3289 1139 3359 usurpate
1163 3277 1251 3339 ldem

156 3386 319 3450 intercedit
340 3386 508 3448 discrimen
529 3388 609 3448 inter
632 3389 840 3447 recentiorem
859 3394 892 3447 et
907 3384 1113 3465 antiquiorem
1127 3383 1255 3464 linguae

157 3493 306 3557 Graecae
335 3496 466 3555 lermam
498 3502 595 3573 atque
623 3495 702 3554 inter
726 3494 865 3573 lingnam
891 3491 1119 3555 Senseriticam
1143 3501 1175 3552 et
1197 3509 1254 3550 re-

156 3604 314 3665 centiores
335 3601 489 3664 dialectos
512 3600 649 3663 lodices.
693 3599 835 3663 blandem
848 3599 984 3680 deniqne
1004 3616 1080 3660 esse
1102 3598 1253 3660 rationem

157 3709 284 3788 linguae
303 3689 517 3773 Germanicae
538 3728 631 3770 neme
653 3707 801 3789 negabit,
824 3707 876 3787 qui
899 3725 969 3769 cum
992 3707 1115 3768 flexura
1132 3702 1252 3766 Gothi-

158 3835 265 3879 corum
278 3818 446 3880 verborum
456 3820 694 3898 comparaverit
707 3835 777 3877 cern
791 3835 851 3897 qne
863 3836 945 3879 rrrtnc
955 3825 1082 3878 utuntur
1091 3810 1252 3878 Germani.

160 3921 358 4003 Quemquam
388 3921 494 4001 lingna
523 3921 714 3999 Germanica
743 3923 773 3983 in
804 3923 922 3984 maiore
943 3922 1100 3983 nominum
1122 3937 1252 3981 numero

158 4029 263 4093 flexus
283 4027 502 4102 conservavit,
524 4036 627 4088 tamen
644 4026 796 4089 dialectos
809 4025 1010 4107 llollandica,
1033 4026 1148 4107 qnippe
1169 4043 1251 4107 quae
