2940 4514
678 302 863 361 ..7-

221 491 324 551 nulius
346 498 451 550 tamen
471 486 512 549 de
524 488 683 549 vocaiium
698 489 1054 569 nogia-Sarranum
1068 496 1320 571 pronuntiatione

223 597 424 657 coniecturas
444 594 559 657 aiierro
581 596 664 655 noio.

304 690 535 763 Advocaiiurn
564 719 676 765 sonum
708 702 953 783 significandum
983 716 1057 767 utar
1087 704 1320 772 Germanorum

221 815 378 876 scribendi
399 819 520 876 ratione
543 815 601 875 nisi
623 812 706 894 quod
726 817 820 896 signo
845 820 866 875 ri
885 836 997 879 sonum
1017 838 1110 899 quem
1129 822 1224 883 habet
1241 823 1322 885 haec

222 922 349 983 vocaiis
372 918 403 979 in
425 938 508 981 voce
529 920 586 1000 ait,
609 921 704 1001 signo
716 930 821 981 aratam
834 926 856 981 ri
869 921 966 983 breve
979 945 998 983 a
1011 924 1140 1005 linguae
1154 929 1324 1010 Angiicae,

222 1026 307 1110 quod
329 1026 455 1090 auditur
476 1031 510 1090 in
532 1044 615 1089 voce
630 1031 694 1108 fai,
716 1028 913 1108 significabo.
956 1028 1325 1098 Consonantinmeutem

219 1157 333 1204 sonum
357 1161 399 1204 ex
420 1144 541 1203 ratione
564 1141 736 1220 Anglornm
759 1140 886 1201 notabo.

220 1284 242 1324 a
261 1293 302 1307 -
324 1263 583 1326 Consentaneum
607 1270 658 1322 est
679 1262 823 1322 vocaiem
848 1261 979 1322 brevem
1000 1282 1020 1320 rr
1042 1279 1261 1344 nonnunquam
1283 1265 1328 1327 iia

323 1387 400 1431 esse
420 1370 672 1450 pronuntiatem,
707 1377 742 1429 ut
770 1388 871 1431 sonus
894 1366 1079 1429 effloereinr
1107 1370 1187 1431 inter
1210 1391 1229 1430 a
1252 1379 1324 1432 eto

327 1475 465 1553 medius,
490 1493 576 1554 nam,
596 1490 804 1555 sequentem
827 1478 880 1538 vei
902 1497 938 1558 n,
959 1496 1061 1559 saepe
1074 1480 1327 1541 commutabatur

329 1581 581 1660 ascriptoribus
601 1581 631 1642 in
652 1602 679 1643 o.

223 1712 245 1772 α’
267 1744 307 1757 -
329 1710 475 1791 Longum
499 1712 520 1770 ά
541 1711 684 1771 simiiiter
707 1712 937 1790 pronuntiatum
962 1729 1039 1773 asse
1061 1711 1155 1772 etad
1178 1714 1326 1773 sonnmn‘

327 1838 424 1902 prope
443 1825 629 1882 accessisse
651 1837 713 1881 non
733 1818 942 1900 improbabile
962 1831 1020 1882 est

224 1968 250 2006 ω
276 1946 373 2004 -iu
398 1943 553 2005 nonnuliis
580 1944 716 2005 vocibus
747 1961 803 2023 pro
828 1964 855 2003 oe
884 1942 1035 2023 scripturn
1066 1952 1116 2003 est
1147 1964 1171 2009 e.
1221 1942 1326 2004 'i'enet

330 2053 411 2114 eninr
441 2052 502 2113 hoc
534 2073 560 2111 ω
589 2050 694 2110 iocum
718 2052 796 2108 inter
818 2069 838 2108 a
861 2057 893 2109 et
915 2069 952 2129 a,
981 2047 1093 2110 eodem
1120 2050 1213 2111 modo
1242 2061 1275 2111 ut
1309 2072 1329 2110 a

327 2159 408 2219 inter
429 2180 449 2218 n
471 2168 504 2219 ct
522 2178 549 2218 o.
593 2155 782 2237 Respondet
801 2156 896 2236 igitur
919 2156 1054 2238 Angiico
1076 2161 1107 2219 ri.

225 2284 266 2345 oe'
286 2317 326 2328 -
348 2282 495 2362 Longum
519 2281 575 2361 oe',
612 2282 704 2342 cuius
732 2280 803 2341 ioco
835 2280 864 2341 in
896 2279 990 2359 priori
1018 2281 1144 2358 linguae
1165 2276 1325 2357 Angiicae

327 2388 455 2469 periodo
478 2389 663 2471 pierumque
685 2409 703 2448 e
725 2388 961 2468 scriptumest,
984 2385 1127 2467 praebuit
1142 2402 1254 2446 sonum
1280 2404 1321 2444 ex

332 2517 351 2556 a
374 2505 406 2557 ot
426 2516 444 2556 e
465 2498 612 2557 mixtum.

224 2642 249 2681 e.
262 2625 312 2681 io
328 2653 368 2666 -
393 2622 517 2681 iireves
540 2619 672 2681 vocales
695 2638 721 2677 e.
734 2621 786 2678 220
809 2614 941 2678 eosdem
963 2614 1031 2675 iere
1052 2631 1151 2677 sonos
1174 2615 1325 2677 imbuisse

330 2726 493 2808 videniur,
526 2746 606 2809 quos
633 2724 726 2787 hodie
754 2724 901 2787 audimus
930 2724 961 2784 in
993 2723 1127 2784 vocibus
1148 2743 1236 2803 men,
1266 2728 1327 2802 tin,

325 2839 420 2915 from,
445 2838 503 2899 nisi
527 2833 610 2919 quod
633 2834 760 2896 videtur
782 2842 801 2894 ἒ
822 2836 950 2915 propius
970 2835 1152 2895 accessisse
1174 2834 1216 2896 ad
1236 2839 1255 2895 i.

208 2957 259 3020 -e'.
281 2956 302 3018 i.
326 2956 344 3018 ri
367 2991 406 3003 —
430 2959 564 3040 Longae
586 2968 694 3020 autem
717 2960 850 3021 vocales
869 2957 896 3034 i,
911 2955 972 3038 ι’,ό
994 2958 1038 3018 iia
1060 2956 1207 3019 videntur
1228 2977 1329 3019 cnun-

333 3040 537 3141 cirtaeesse,
561 3074 596 3125 ut
608 3065 775 3146 praeberet
796 3084 813 3123 e
834 3080 947 3125 sonum
963 3064 1015 3145 qni
1029 3064 1069 3126 ab
1091 3070 1105 3125 i
1123 3085 1186 3127 non
1199 3066 1329 3128 muitum

329 3170 483 3252 distabat,
507 3170 522 3231 ι’
540 3180 572 3233 et
594 3169 614 3232 o'
636 3184 741 3232 autem
765 3171 993 3252 responderent
1015 3172 1215 3237 Germanicis
1231 3176 1286 3236 iot
1300 3176 1330 3236 ὃ.

227 3299 295 3357 ray.
313 3276 371 3474 ἐν
394 3279 564 3341 Vooaiium
593 3300 615 3340 rr
642 3288 675 3342 ei
703 3301 726 3358 y
754 3281 982 3362 pronuntiatio,
999 3282 1089 3371 ,quin
1114 3279 1327 3344 Germanicae

329 3407 410 3472 quac
430 3408 513 3451 nnnc
535 3400 585 3449 est
597 3389 817 3469 pronuntiandi
831 3391 944 3452 rationi
955 3391 1086 3453 similior
1100 3391 1209 3468 inerit,
1234 3407 1328 3469 quam

328 3497 498 3579 Angiicao,
531 3495 663 3558 dubitari
693 3516 755 3559 non
780 3506 908 3578 potest,
940 3515 1131 3579 quamquam
1155 3495 1324 3558 verisimile

329 3621 405 3665 esso
426 3601 575 3677 videtur,
604 3602 663 3663 has
694 3602 828 3664 vocaies
861 3604 923 3665 iarn
946 3612 1021 3664 tuno
1043 3604 1196 3682 temporis
1217 3613 1325 3665 mnia-

330 3714 447 3775 tionam
470 3729 586 3792 passus
607 3730 700 3786 esse,
732 3730 795 3792 qna
815 3711 933 3773 iactum
955 3714 997 3772 sit
1019 3719 1052 3772 ut
1077 3731 1099 3771 n
1124 3728 1196 3771 cum
1218 3731 1237 3771 o
1258 3719 1331 3788 ety

331 3838 403 3883 oum
424 3826 438 3880 i
456 3817 689 3882 simiiitudinem
712 3819 867 3900 qnondam
889 3820 1137 3882 nancisceretur.

228 3952 277 4011 ea,
297 3950 333 3993 eo
371 3963 411 3973 —
434 3928 486 3990 Ad
508 3928 568 3991 bas
588 3927 749 4011 accedunt,
768 3928 904 4010 dariique
925 3927 1059 3988 vocoies
1079 3949 1117 3989 eo
1137 3937 1170 3990 et
1188 3947 1223 3988 eo
1243 3942 1324 4006 quas

231 4042 282 4117 ei,
299 3932 565 4134 eri.}antiquioros
589 4038 762 4118 scriptores
787 4037 912 4118 Angiioi
935 4037 1116 4118 pierumque
1138 4041 1169 4098 in
1184 4057 1202 4096 e
1215 4041 1327 4095 verto-

225 3376 304 3469 ἀφ’.
