2940 4514
652 287 858 351 ..15-

208 480 331 540 nuntiet
351 484 459 538 eutem
486 496 509 537 n
536 483 674 551 tentum,
704 477 807 539 vooeii
834 474 1048 555 praecedente
1075 473 1237 555 producto.
1260 475 1301 536 oi.

205 604 321 661 neone,
339 589 436 661 onim
458 589 560 662 eique,
576 590 671 663 eim
695 594 805 647 ooutru
826 589 961 665 etymfle,
981 589 1113 666 eiqotsy.

287 690 317 752 :t
361 672 527 771 Cognosoi
549 699 657 771 potest
680 710 721 752 ex
745 692 783 753 iis
805 692 962 771 exemplis
986 710 1069 770 quse
1089 691 1149 752 sub
1170 694 1195 752 2
1216 698 1302 752 attu-

205 799 315 873 limus,
343 815 422 859 sono
451 806 571 859 mutato
601 782 880 877 signen'voosiinm
909 798 1002 858 modo
1033 807 1180 872 servato,
1209 795 1303 859 modo

205 914 327 967 mutate
350 922 433 965 esse.
476 902 560 964 Cum
582 902 622 963 de
645 904 789 966 omnibus
804 907 968 986 signorum
985 904 1213 968 mutationibus
1233 904 1303 966 dis-

205 1033 316 1076 serere
339 1014 467 1092 tongum
489 1018 592 1086 esset,
612 1011 753 1073 suffioint
775 1012 826 1073 hie
847 1013 888 1074 de
909 1034 948 1074 ee
969 1014 1107 1076 brevitor
1130 1012 1302 1094 disputare,

205 1124 289 1208 qnod
312 1142 367 1203 pro
396 1124 493 1201 longe
516 1140 533 1184 e
558 1119 613 1201 (ῐ),
644 1129 676 1181 et
706 1122 864 1182 nonnullis
892 1122 922 1182 in
955 1121 1064 1182 verbis
1093 1140 1151 1202 pro
1174 1120 1263 1184 brevi
1286 1142 1304 1182 e

206 1243 383 1312 usurpetur.
426 1233 498 1294 Hoo
519 1253 556 1292 en
577 1252 639 1293 non
662 1249 681 1291 e
703 1230 807 1310 lingna
829 1228 1120 1308 mugio-saxonico
1141 1234 1302 1308 sumptum

205 1349 274 1418 θεῖς
296 1339 394 1419 priona
416 1337 498 1400 enim
514 1337 642 1419 linguae
657 1334 816 1415 Angiioee
832 1343 939 1395 aetate
953 1352 1016 1394 uon
1032 1333 1199 1413 reperitur,
1218 1349 1302 1412 quse

203 1455 370 1527 praeterea
398 1447 495 1505 etiem
526 1446 638 1506 litteris
666 1443 836 1523 geminatis
858 1461 893 1502 ee
917 1448 949 1501 et
970 1460 1008 1501 oo
1035 1451 1133 1503 earet
1188 1437 1302 1502 Chou-

203 1554 267 1614 oeri
292 1561 398 1614 nutem
420 1560 527 1613 estote
549 1570 658 1612 omnes
681 1554 743 1613 iom
767 1552 942 1631 scriptores
965 1550 1015 1611 his
1037 1549 1151 1612 litteris
1169 1570 1205 1610 ee
1218 1556 1298 1611 otoo

204 1660 418 1721 videnturusi
441 1677 527 1735 esse,
550 1678 611 1740 que
634 1668 738 1720 temon
761 1668 868 1722 eetote
889 1659 974 1741 signi
995 1680 1034 1720 ea
1055 1660 1149 1720 etiem
1173 1656 1301 1719 rorissi-

202 1786 273 1830 mus
296 1777 474 1829 statuens.
518 1768 555 1827 iu
582 1747 737 1827 nonnuliis
765 1766 885 1827 sescnti
911 1766 1023 1829 deoimi
1045 1766 1146 1847 quinti
1167 1766 1297 1846 soriptis

203 1878 355 1957 reperitur
377 1899 418 1937 nn
439 1896 495 1958 pro
516 1897 535 1936 a
556 1876 725 1957 pronuet03
748 1876 789 1937 os.
812 1876 882 1939 net.
904 1875 981 1938 Ant.
1004 1877 1067 1937 voi.
1084 1877 1110 1952 i,
1130 1875 1225 1956 nst),
1248 1874 1299 1937 nni

201 1983 431 2065 tegitnc'jmaau
451 2004 506 2064 pro
528 1986 618 2044 enode
640 1982 792 2057 (faetus).

286 2093 319 2151 tn
349 2091 457 2151 verbis
488 2089 622 2152 Gnitiois
650 2092 751 2151 minus
783 2089 969 2169 frequentes
998 2088 1102 2150 inisse
1133 2088 1298 2171 signorum

202 2197 392 2258 mutationes
414 2214 508 2276 quom
531 2195 560 2256 in
582 2195 880 2277 Aingle-Soxoniois
906 2196 1053 2274 exempto
1082 2191 1174 2255 modo
1202 2193 1299 2257 atlete

202 2305 295 2382 piene
316 2301 549 2376 demonstrent,
570 2303 660 2362 ouius
683 2305 730 2363 rei
760 2318 892 2365 oeusom
922 2303 984 2365 iem
1014 2312 1126 2376 nutes,
1154 2317 1227 2362 eum
1257 2300 1297 2362 de

200 2409 303 2488 signis
325 2408 512 2468 dissererem
532 2406 678 2468 indicavi.

281 2517 333 2577 Ex
355 2525 422 2577 tote
444 2516 506 2576 heo
527 2515 740 2597 disputatione
762 2516 802 2579 de
824 2535 941 2580 voeum
975 2519 1142 2581 elementis
1169 2517 1294 2580 omnino

198 2630 345 2701 apparet,
375 2623 504 2703 linguon
537 2624 692 2704 Anglioae
720 2627 811 2707 leges
838 2626 970 2688 eosdem
999 2645 1075 2688 esse
1102 2643 1144 2687 eo
1164 2625 1294 2707 liuguae

199 2729 519 2809 Angio-Soxonione.
561 2727 706 2792 Eundem
729 2749 835 2792 eorum
859 2732 1036 2814 linguonum
1057 2731 1293 2795 similitudinem
1411 2762 1414 2767 ·

198 2845 232 2897 et
249 2839 489 2916 congruentium
519 2853 808 2917 cognosceremus,
843 2837 871 2898 si
900 2839 941 2900 de
970 2840 1138 2901 verborum
1167 2838 1292 2902 flexura

196 2941 329 3002 similem
347 2943 585 3006 institueremus
608 2946 885 3023 comparutionem.
929 2945 1034 3021 Quem
1057 2954 1163 3006 tamen
1183 2944 1289 3025 inqui·

195 3050 358 3126 sitionem,
384 3067 500 3111 eume
529 3054 689 3132 proposito
718 3062 827 3113 nostro
855 3052 959 3115 eliens
987 3064 1078 3115 esset
1107 3055 1292 3132 omittimus,

195 3170 236 3216 no
258 3172 341 3217 nuno
360 3154 455 3236 igitur
476 3153 517 3217 nd
537 3156 668 3218 ultorem
689 3155 911 3238 disputationis
933 3166 1056 3240 pestem
1076 3158 1269 3225 uooedimus

298 3497 357 3560 nn
380 3497 584 3564 hJNGUAn
607 3501 958 3568 sPnNslutunNAu
979 3504 1182 3568 NATURA.

274 3781 526 3863 Distinguendum
546 3793 621 3875 sunt
641 3794 707 3848 tres
728 3786 858 3867 lingone
878 3786 1037 3868 Angiiose
1056 3796 1181 3851 estates
1201 3806 1283 3871 que·

191 3904 258 3946 rum
277 3887 376 3966 primo
397 3898 506 3952 notate
527 3889 588 3953 ism
610 3900 779 3973 emergunt
797 3893 890 3975 leges
905 3909 986 3971 ques
999 3900 1114 3974 posteo
1132 3903 1281 3957 secuturo

192 3996 243 4047 est
264 3991 388 4074 lingue3
410 4004 501 4058 uetes
525 3995 626 4059 altero
652 3997 743 4079 qussi
776 3996 902 4059 venitin
929 4004 963 4059 et
990 3996 1142 4073 fluotuot‚
1167 3999 1280 4080 quippe
