2940 4514
193 1426 257 1507 Ad
279 1458 421 1509 naturum
453 1448 580 1527 linguae
610 1449 742 1510 uiiouius
771 1453 896 1529 penitus
923 1446 1196 1529 perspiciendum,
1228 1464 1289 1506 nou

193 1553 349 1619 modosd
379 1552 483 1613 fontes
512 1572 531 1612 o
562 1553 674 1632 quibus
704 1552 797 1614 fluxit
827 1560 1022 1614 revertamur
1055 1558 1200 1629 oportet,
1233 1547 1289 1607 sed

194 1663 288 1721 etium
311 1665 409 1722 totius
432 1663 544 1739 omnis,
567 1671 601 1721 ut
624 1662 667 1722 ite
690 1660 810 1735 dicum,
831 1678 1001 1739 sequamur
1025 1675 1163 1719 cursum.
1193 1654 1288 1731 Quae

193 1786 266 1828 oum
289 1768 331 1828 ito
353 1771 435 1838 sint,
465 1767 505 1829 eri
529 1768 667 1829 studium
689 1768 818 1848 liuguae
841 1784 936 1846 quum
958 1764 1053 1826 hodie
1076 1763 1215 1824 Britanni
1241 1762 1292 1822 io-

193 1885 327 1955 quuutur
349 1876 423 1936 utile
446 1885 514 1953 est,
545 1877 572 1935 si
600 1877 629 1936 in
660 1893 755 1954 opera
784 1874 983 1953 antiquorum
1005 1873 1194 1951 scriptorum
1218 1870 1291 1929 Bri-

193 1986 385 2045 tunnieorum
418 1985 642 2067 cognoscenda
673 2003 800 2065 operum
830 1981 1049 2062 impendimus.
1101 1978 1193 2056 Quue
1215 1996 1287 2037 eum

193 2094 425 2171 existimarem,
454 2093 493 2153 de
521 2093 673 2172 Spenseri
701 2111 849 2153 sermone
880 2091 1073 2151 utbreviter
1095 2088 1288 2148 dissererem

193 2201 266 2261 mibi
289 2201 447 2280 proposui.
491 2201 555 2260 iiio
582 2201 663 2261 euim
690 2201 738 2260 vir
765 2200 917 2280 egregius
948 2218 1007 2258 non
1038 2196 1132 2258 modo
1160 2196 1287 2275 penitus

193 2317 393 2388 cognoverat
414 2310 554 2387 liugnam
578 2327 656 2370 suso
678 2309 778 2388 ipsius
802 2308 935 2384 aetatis,
965 2304 1024 2367 sod
1048 2314 1234 2384 praetereo,
1260 2302 1289 2364 id

193 2412 275 2493 quod
295 2417 326 2473 in
345 2433 448 2475 meum
466 2415 662 2494 propositum
675 2432 769 2494 quum
782 2414 919 2474 maxime
932 2414 1033 2489 vaiet,
1048 2413 1148 2473 veteri
1161 2413 1289 2493 linguae

193 2539 348 2582 summum
371 2541 498 2602 operam
523 2522 655 2584 navavit
684 2534 716 2607 et
742 2522 772 2581 iu
802 2522 881 2600 ipsis
913 2520 982 2580 suis
1004 2520 1131 2600 seriptis
1152 2519 1291 2580 imitatus

194 2636 254 2686 est.
298 2629 345 2687 itu
373 2632 404 2688 iu
433 2629 546 2708 insigni
576 2630 734 2706 carmine,
768 2627 850 2709 qrrod
881 2628 1066 2707 inscriptum
1097 2635 1148 2689 est
1167 2628 1293 2687 nomine

195 2732 329 2792 „Fuerie
344 2732 496 2810 Quosneu
521 2736 704 2815 antiquioris
719 2735 845 2815 linguae
860 2734 961 2794 formu
984 2752 1062 2795 usus
1085 2742 1145 2795 est.
1167 2735 1292 2816 Lingua

194 2840 275 2899 etius
299 2842 416 2920 operis,
441 2842 670 2921 ”Shepheurds
693 2840 883 2917 Ostendens
908 2842 1002 2901 etium
1023 2845 1153 2920 propius
1166 2841 1292 2902 aoeedit

193 2946 232 3007 ud
247 2947 405 3024 antiquum
427 2949 575 3025 linguam.
619 2950 760 3009 Tertium
782 2948 916 3027 deniquo
937 2965 1032 3027 opus,
1055 2948 1172 3007 nt'iew
1187 2948 1224 3007 ot'
1240 2948 1293 3008 tho

194 3062 279 3113 state
301 3053 338 3114 oi
358 3054 510 3134 ireiaudpr
535 3056 675 3133 linguam
699 3058 769 3114 eius
789 3058 889 3134 ipsius
902 3057 1018 3118 uetutis
1031 3074 1093 3136 qua
1109 3057 1294 3138 sponsores

194 3161 274 3221 rixit
291 3160 430 3222 exhibet.
455 3161 560 3221 Primo
574 3162 625 3221 iiio
647 3164 786 3222 earmiue
800 3178 872 3222 oum
890 3164 1057 3224 maximum
1075 3164 1134 3225 sibi
1151 3163 1293 3243 aequisi-

194 3267 276 3326 verit
296 3266 446 3349 glorium,
470 3284 608 3346 eumque
631 3284 724 3347 quum
747 3285 830 3328 nune
853 3268 1007 3345 loquimur
1030 3269 1136 3349 liugos
1159 3266 1294 3346 Augiies

193 3372 333 3450 inprimis
359 3373 419 3431 boe
441 3391 538 3452 opere
561 3371 751 3449 iliustretur,
782 3371 823 3431 de
849 3373 910 3434 boe
938 3374 1006 3433 soto
1035 3375 1096 3434 bau
1117 3374 1147 3432 in
1169 3371 1294 3431 disser-

194 3477 314 3537 tutiouo
336 3496 442 3556 egum.

277 3585 466 3645 Prodieruut
484 3586 579 3647 buius
598 3588 746 3649 carminis
760 3589 880 3668 priores
895 3596 961 3647 tres
974 3586 1041 3646 iibri
1054 3606 1136 3648 anuo
1148 3588 1292 3670 MDXC,

77 3736 87 3755 ..
191 3701 366 3771 soquentes
389 3701 457 3753 tres
479 3711 562 3753 anuo
585 3695 786 3774 uuxcw,
817 3695 1003 3775 reliquorum
1034 3702 1141 3755 sutem
1168 3710 1228 3755 sex
1251 3697 1294 3755 ii·

75 4010 86 4035 Ι

75 4040 81 4121 i

194 3802 333 3875 brorum,
363 3819 445 3881 quos
470 3803 520 3861 vei
544 3803 690 3881 scripsit,
722 3805 773 3863 vei
794 3802 936 3863 seribere
957 3802 1082 3882 eoepit,
1112 3800 1294 3883 fragments

194 3914 314 3972 rantum
342 3913 510 3967 asservato
539 3916 623 3966 sunt.
676 3909 708 3967 tu
737 3907 916 3969 deiectione
945 3908 1026 3967 euim
1057 3907 1109 3967 itta
1140 3905 1295 3969 lrtsudiou

194 4016 268 4072 anui
277 4013 487 4074 MDXCVHI
501 4016 605 4075 omnis
617 4015 684 4075 eius
700 4035 793 4077 mauu
807 4019 926 4095 scriptu
940 4020 1015 4098 igne
1028 4016 1192 4076 combusta
1205 4023 1290 4075 suut.

640 4161 858 4251 ssessr
1041 4130 1056 4187 ¹
