<?xml version="1.0" encoding="UTF-8"?>
<!DOCTYPE html PUBLIC "-//W3C//DTD XHTML 1.0 Transitional//EN"
    "http://www.w3.org/TR/xhtml1/DTD/xhtml1-transitional.dtd">
<html xmlns="http://www.w3.org/1999/xhtml" xml:lang="en" lang="en">
 <head>
  <title>
</title>
<meta http-equiv="Content-Type" content="text/html;charset=utf-8" />
  <meta name='ocr-system' content='tesseract 3.04.00' />
  <meta name='ocr-capabilities' content='ocr_page ocr_carea ocr_par ocr_line ocrx_word'/>
</head>
<body>
  <div class='ocr_page' id='page_1' title='image "./delinguaspenser00willgoog_0012.png"; bbox 0 0 2940 4514; ppageno 0'>
   <div class='ocr_carea' id='block_1_1' title="bbox 673 309 858 369">
    <p class='ocr_par' dir='ltr' id='par_1_1' title="bbox 673 309 858 369">
     <span class='ocr_line' id='line_1_1' title="bbox 673 309 858 369; baseline 0.011 -16"><span class='ocrx_word' id='word_1_1' title='bbox 673 309 858 369; x_wconf 72' lang='lat'><strong>..5-</strong></span> 
     </span>
    </p>
   </div>
   <div class='ocr_carea' id='block_1_2' title="bbox 219 486 1334 1749">
    <p class='ocr_par' dir='ltr' id='par_1_2' title="bbox 219 486 1334 1749">
     <span class='ocr_line' id='line_1_2' title="bbox 224 486 1319 578; baseline -0.001 -25"><span class='ocrx_word' id='word_1_2' title='bbox 224 493 398 578; x_wconf 67' lang='lat' dir='ltr'><strong>observare</strong></span> <span class='ocrx_word' id='word_1_3' title='bbox 421 489 517 568; x_wconf 87' lang='lat' dir='ltr'><strong>solet,</strong></span> <span class='ocrx_word' id='word_1_4' title='bbox 539 489 570 547; x_wconf 91' lang='lat' dir='ltr'><strong>in</strong></span> <span class='ocrx_word' id='word_1_5' title='bbox 590 499 726 551; x_wconf 82' lang='lat' dir='ltr'><strong>aeeerrtu</strong></span> <span class='ocrx_word' id='word_1_6' title='bbox 749 506 873 568; x_wconf 90' lang='lat' dir='ltr'><strong>quoque</strong></span> <span class='ocrx_word' id='word_1_7' title='bbox 895 486 989 549; x_wconf 86' lang='lat' dir='ltr'><strong>buius</strong></span> <span class='ocrx_word' id='word_1_8' title='bbox 1010 488 1138 569; x_wconf 70' lang='lat' dir='ltr'><strong>linguae</strong></span> <span class='ocrx_word' id='word_1_9' title='bbox 1159 491 1319 570; x_wconf 74' lang='lat' dir='ltr'>ingenium</span> 
     </span>
     <span class='ocr_line' id='line_1_3' title="bbox 224 594 1318 678; baseline 0.001 -19"><span class='ocrx_word' id='word_1_10' title='bbox 224 607 336 660; x_wconf 81' lang='lat' dir='ltr'><strong>seeuta</strong></span> <span class='ocrx_word' id='word_1_11' title='bbox 360 605 420 657; x_wconf 79' lang='lat' dir='ltr'><strong>est</strong></span> <span class='ocrx_word' id='word_1_12' title='bbox 444 598 592 675; x_wconf 85' lang='lat' dir='ltr'><strong>Namque</strong></span> <span class='ocrx_word' id='word_1_13' title='bbox 616 615 678 656; x_wconf 88' lang='lat' dir='ltr'><strong>non</strong></span> <span class='ocrx_word' id='word_1_14' title='bbox 703 594 796 655; x_wconf 82' lang='lat' dir='ltr'><strong>ruodo</strong></span> <span class='ocrx_word' id='word_1_15' title='bbox 817 600 849 656; x_wconf 87' lang='lat' dir='ltr'><strong>in</strong></span> <span class='ocrx_word' id='word_1_16' title='bbox 871 596 911 655; x_wconf 88' lang='lat' dir='ltr'><strong>iis</strong></span> <span class='ocrx_word' id='word_1_17' title='bbox 935 595 1052 675; x_wconf 82' lang='lat' dir='ltr'><strong>verbis,</strong></span> <span class='ocrx_word' id='word_1_18' title='bbox 1078 613 1161 675; x_wconf 90' lang='lat' dir='ltr'><strong>quae</strong></span> <span class='ocrx_word' id='word_1_19' title='bbox 1180 597 1318 678; x_wconf 84' lang='lat' dir='ltr'><strong>elingua</strong></span> 
     </span>
     <span class='ocr_line' id='line_1_4' title="bbox 223 700 1317 784; baseline 0.001 -20"><span class='ocrx_word' id='word_1_20' title='bbox 223 704 528 784; x_wconf 69' lang='lat' dir='ltr'><strong>nogia-Saronico</strong></span> <span class='ocrx_word' id='word_1_21' title='bbox 556 701 700 783; x_wconf 82' lang='lat' dir='ltr'><strong>proiecta</strong></span> <span class='ocrx_word' id='word_1_22' title='bbox 730 713 823 773; x_wconf 87' lang='lat' dir='ltr'><strong>sont,</strong></span> <span class='ocrx_word' id='word_1_23' title='bbox 856 700 944 762; x_wconf 81' lang='lat' dir='ltr'><strong>radix</strong></span> <span class='ocrx_word' id='word_1_24' title='bbox 975 704 1160 784; x_wconf 86' lang='lat' dir='ltr'><strong>plerumque</strong></span> <span class='ocrx_word' id='word_1_25' title='bbox 1180 713 1317 783; x_wconf 76' lang='lat' dir='ltr'><strong>aooentu</strong></span> 
     </span>
     <span class='ocr_line' id='line_1_5' title="bbox 221 798 1334 893; baseline 0.002 -22"><span class='ocrx_word' id='word_1_26' title='bbox 221 808 434 893; x_wconf 68' lang='lat' dir='ltr'><strong>distinguitur,</strong></span> <span class='ocrx_word' id='word_1_27' title='bbox 457 809 515 870; x_wconf 86' lang='lat' dir='ltr'><strong>sed</strong></span> <span class='ocrx_word' id='word_1_28' title='bbox 538 810 631 871; x_wconf 89' lang='lat' dir='ltr'><strong>etiarn</strong></span> <span class='ocrx_word' id='word_1_29' title='bbox 656 811 685 870; x_wconf 90' lang='lat' dir='ltr'><strong>iu</strong></span> <span class='ocrx_word' id='word_1_30' title='bbox 711 810 818 869; x_wconf 89' lang='lat' dir='ltr'><strong>verbis</strong></span> <span class='ocrx_word' id='word_1_31' title='bbox 841 807 990 885; x_wconf 79' lang='lat' dir='ltr'><strong>Gallicis3</strong></span> <span class='ocrx_word' id='word_1_32' title='bbox 1012 819 1044 869; x_wconf 92' lang='lat' dir='ltr'><strong>ut</strong></span> <span class='ocrx_word' id='word_1_33' title='bbox 1069 811 1129 870; x_wconf 90' lang='lat' dir='ltr'><strong>iam</strong></span> <span class='ocrx_word' id='word_1_34' title='bbox 1146 810 1174 871; x_wconf 93' lang='lat' dir='ltr'><strong>in</strong></span> <span class='ocrx_word' id='word_1_35' title='bbox 1189 798 1334 892; x_wconf 73' lang='lat' dir='ltr'><strong>seriptis&#39;</strong></span> 
     </span>
     <span class='ocr_line' id='line_1_6' title="bbox 219 914 1318 998; baseline 0.004 -23"><span class='ocrx_word' id='word_1_36' title='bbox 219 934 301 998; x_wconf 86' lang='lat' dir='ltr'><strong>quaa</strong></span> <span class='ocrx_word' id='word_1_37' title='bbox 313 925 388 977; x_wconf 76' lang='lat' dir='ltr'><strong>aitte</strong></span> <span class='ocrx_word' id='word_1_38' title='bbox 400 914 897 993; x_wconf 84' lang='lat' dir='ltr'><strong>Chauoeriaetotemoornposita</strong></span> <span class='ocrx_word' id='word_1_39' title='bbox 915 923 991 975; x_wconf 88' lang='lat' dir='ltr'><strong>sunt</strong></span> <span class='ocrx_word' id='word_1_40' title='bbox 1008 914 1111 975; x_wconf 74' lang='lat' dir='ltr'><strong>miritis</strong></span> <span class='ocrx_word' id='word_1_41' title='bbox 1130 916 1160 976; x_wconf 90' lang='lat' dir='ltr'><strong>in</strong></span> <span class='ocrx_word' id='word_1_42' title='bbox 1184 918 1318 979; x_wconf 81' lang='lat' dir='ltr'><strong>vocibus</strong></span> 
     </span>
     <span class='ocr_line' id='line_1_7' title="bbox 222 1020 1320 1102; baseline 0.003 -19"><span class='ocrx_word' id='word_1_43' title='bbox 222 1022 387 1085; x_wconf 88' lang='lat' dir='ltr'><strong>observari</strong></span> <span class='ocrx_word' id='word_1_44' title='bbox 408 1028 525 1102; x_wconf 82' lang='lat' dir='ltr'><strong>potest.</strong></span> <span class='ocrx_word' id='word_1_45' title='bbox 569 1020 775 1101; x_wconf 76' lang='lat' dir='ltr'><strong>Quantopere</strong></span> <span class='ocrx_word' id='word_1_46' title='bbox 797 1028 902 1083; x_wconf 89' lang='lat' dir='ltr'><strong>autom</strong></span> <span class='ocrx_word' id='word_1_47' title='bbox 925 1028 1081 1081; x_wconf 87' lang='lat' dir='ltr'><strong>aooeutus</strong></span> <span class='ocrx_word' id='word_1_48' title='bbox 1098 1022 1127 1080; x_wconf 89' lang='lat' dir='ltr'><strong>vi</strong></span> <span class='ocrx_word' id='word_1_49' title='bbox 1141 1040 1240 1085; x_wconf 85' lang='lat' dir='ltr'><strong>voees</strong></span> <span class='ocrx_word' id='word_1_50' title='bbox 1254 1029 1320 1087; x_wconf 90' lang='lat' dir='ltr'><strong>sint</strong></span> 
     </span>
     <span class='ocr_line' id='line_1_8' title="bbox 222 1128 1318 1212; baseline 0 -20"><span class='ocrx_word' id='word_1_51' title='bbox 222 1139 405 1193; x_wconf 83' lang='lat' dir='ltr'><strong>eorrtraotae</strong></span> <span class='ocrx_word' id='word_1_52' title='bbox 426 1134 489 1193; x_wconf 87' lang='lat' dir='ltr'><strong>iarn</strong></span> <span class='ocrx_word' id='word_1_53' title='bbox 512 1130 584 1191; x_wconf 88' lang='lat' dir='ltr'><strong>iude</strong></span> <span class='ocrx_word' id='word_1_54' title='bbox 605 1141 750 1210; x_wconf 80' lang='lat' dir='ltr'><strong>apparet.</strong></span> <span class='ocrx_word' id='word_1_55' title='bbox 774 1128 857 1207; x_wconf 87' lang='lat' dir='ltr'><strong>quod</strong></span> <span class='ocrx_word' id='word_1_56' title='bbox 880 1128 970 1188; x_wconf 85' lang='lat' dir='ltr'><strong>solae</strong></span> <span class='ocrx_word' id='word_1_57' title='bbox 993 1130 1228 1191; x_wconf 77' lang='lat' dir='ltr'><strong>terminationes</strong></span> <span class='ocrx_word' id='word_1_58' title='bbox 1255 1148 1318 1212; x_wconf 80' lang='lat' dir='ltr'><strong>ge·</strong></span> 
     </span>
     <span class='ocr_line' id='line_1_9' title="bbox 221 1236 1317 1321; baseline -0.001 -22"><span class='ocrx_word' id='word_1_59' title='bbox 221 1240 308 1301; x_wconf 89' lang='lat' dir='ltr'><strong>nitivi</strong></span> <span class='ocrx_word' id='word_1_60' title='bbox 330 1237 502 1321; x_wconf 81' lang='lat' dir='ltr'><strong>singularis</strong></span> <span class='ocrx_word' id='word_1_61' title='bbox 531 1247 563 1301; x_wconf 89' lang='lat' dir='ltr'><strong>et</strong></span> <span class='ocrx_word' id='word_1_62' title='bbox 591 1237 772 1300; x_wconf 82' lang='lat' dir='ltr'><strong>tromioativi</strong></span> <span class='ocrx_word' id='word_1_63' title='bbox 803 1237 932 1315; x_wconf 85' lang='lat' dir='ltr'><strong>pluralis</strong></span> <span class='ocrx_word' id='word_1_64' title='bbox 953 1236 1223 1299; x_wconf 77' lang='lat' dir='ltr'><strong>substantivorum</strong></span> <span class='ocrx_word' id='word_1_65' title='bbox 1245 1255 1317 1299; x_wconf 86' lang='lat' dir='ltr'><strong>ser·</strong></span> 
     </span>
     <span class='ocr_line' id='line_1_10' title="bbox 224 1343 1318 1427; baseline 0 -20"><span class='ocrx_word' id='word_1_66' title='bbox 224 1355 322 1408; x_wconf 87' lang='lat' dir='ltr'><strong>vatae</strong></span> <span class='ocrx_word' id='word_1_67' title='bbox 344 1358 432 1426; x_wconf 86' lang='lat' dir='ltr'><strong>sunt,</strong></span> <span class='ocrx_word' id='word_1_68' title='bbox 454 1358 486 1409; x_wconf 90' lang='lat' dir='ltr'><strong>et</strong></span> <span class='ocrx_word' id='word_1_69' title='bbox 507 1345 591 1427; x_wconf 91' lang='lat' dir='ltr'><strong>quod</strong></span> <span class='ocrx_word' id='word_1_70' title='bbox 614 1349 718 1407; x_wconf 85' lang='lat' dir='ltr'><strong>littera</strong></span> <span class='ocrx_word' id='word_1_71' title='bbox 740 1367 757 1404; x_wconf 80' lang='lat' dir='ltr'><strong>e</strong></span> <span class='ocrx_word' id='word_1_72' title='bbox 779 1346 809 1409; x_wconf 93' lang='lat' dir='ltr'><strong>in</strong></span> <span class='ocrx_word' id='word_1_73' title='bbox 829 1343 890 1404; x_wconf 76' lang='lat' dir='ltr'><strong>liare</strong></span> <span class='ocrx_word' id='word_1_74' title='bbox 911 1349 1015 1421; x_wconf 84' lang='lat' dir='ltr'><strong>vonis,</strong></span> <span class='ocrx_word' id='word_1_75' title='bbox 1038 1363 1118 1424; x_wconf 91' lang='lat' dir='ltr'><strong>quae</strong></span> <span class='ocrx_word' id='word_1_76' title='bbox 1141 1347 1318 1425; x_wconf 74' lang='lat' dir='ltr'><strong>antiquiore</strong></span> 
     </span>
     <span class='ocr_line' id='line_1_11' title="bbox 221 1452 1319 1534; baseline 0.002 -20"><span class='ocrx_word' id='word_1_77' title='bbox 221 1455 348 1534; x_wconf 85' lang='lat' dir='ltr'><strong>quidem</strong></span> <span class='ocrx_word' id='word_1_78' title='bbox 372 1462 479 1514; x_wconf 89' lang='lat' dir='ltr'><strong>aetate</strong></span> <span class='ocrx_word' id='word_1_79' title='bbox 502 1454 644 1514; x_wconf 87' lang='lat' dir='ltr'><strong>ilexurae</strong></span> <span class='ocrx_word' id='word_1_80' title='bbox 666 1454 730 1513; x_wconf 86' lang='lat' dir='ltr'><strong>virn</strong></span> <span class='ocrx_word' id='word_1_81' title='bbox 753 1452 906 1531; x_wconf 84' lang='lat' dir='ltr'><strong>lrabobat,</strong></span> <span class='ocrx_word' id='word_1_82' title='bbox 937 1463 1050 1532; x_wconf 82' lang='lat' dir='ltr'><strong>postea</strong></span> <span class='ocrx_word' id='word_1_83' title='bbox 1075 1470 1151 1513; x_wconf 89' lang='lat' dir='ltr'><strong>vero</strong></span> <span class='ocrx_word' id='word_1_84' title='bbox 1174 1453 1203 1512; x_wconf 91' lang='lat' dir='ltr'><strong>in</strong></span> <span class='ocrx_word' id='word_1_85' title='bbox 1226 1454 1319 1533; x_wconf 89' lang='lat' dir='ltr'><strong>ryth-</strong></span> 
     </span>
     <span class='ocr_line' id='line_1_12' title="bbox 221 1558 1318 1639; baseline 0 -18"><span class='ocrx_word' id='word_1_86' title='bbox 221 1560 310 1621; x_wconf 84' lang='lat' dir='ltr'><strong>micis</strong></span> <span class='ocrx_word' id='word_1_87' title='bbox 331 1560 434 1620; x_wconf 85' lang='lat' dir='ltr'><strong>solum</strong></span> <span class='ocrx_word' id='word_1_88' title='bbox 457 1560 605 1620; x_wconf 87' lang='lat' dir='ltr'><strong>versibus</strong></span> <span class='ocrx_word' id='word_1_89' title='bbox 626 1560 819 1639; x_wconf 86' lang='lat' dir='ltr'><strong>pronuntiari</strong></span> <span class='ocrx_word' id='word_1_90' title='bbox 841 1558 975 1633; x_wconf 75' lang='lat' dir='ltr'><strong>solebat,</strong></span> <span class='ocrx_word' id='word_1_91' title='bbox 1002 1579 1083 1621; x_wconf 75' lang='lat' dir='ltr'><strong>ronne</strong></span> <span class='ocrx_word' id='word_1_92' title='bbox 1095 1560 1211 1619; x_wconf 86' lang='lat' dir='ltr'><strong>aetatis</strong></span> <span class='ocrx_word' id='word_1_93' title='bbox 1224 1560 1318 1639; x_wconf 84' lang='lat' dir='ltr'><strong>plane</strong></span> 
     </span>
     <span class='ocr_line' id='line_1_13' title="bbox 220 1667 534 1749; baseline -0.006 -22"><span class='ocrx_word' id='word_1_94' title='bbox 220 1684 378 1749; x_wconf 88' lang='lat' dir='ltr'><strong>nnuquam</strong></span> <span class='ocrx_word' id='word_1_95' title='bbox 401 1667 534 1727; x_wconf 89' lang='lat' dir='ltr'><strong>auditur.</strong></span> 
     </span>
    </p>
   </div>
   <div class='ocr_carea' id='block_1_3' title="bbox 602 1840 938 1855">
    <p class='ocr_par' dir='ltr' id='par_1_3' title="bbox 602 1840 938 1855">
     <span class='ocr_line' id='line_1_14' title="bbox 602 1840 938 1855; baseline 0.003 -1"><span class='ocrx_word' id='word_1_96' title='bbox 602 1840 938 1855; x_wconf 54' lang='lat' dir='ltr'><strong>m———t—-u</strong></span> 
     </span>
    </p>
   </div>
   <div class='ocr_carea' id='block_1_4' title="bbox 219 1960 1319 4078">
    <p class='ocr_par' dir='ltr' id='par_1_4' title="bbox 577 1960 960 2038">
     <span class='ocr_line' id='line_1_15' title="bbox 577 1960 960 2038; baseline 0.005 -18"><span class='ocrx_word' id='word_1_97' title='bbox 577 1961 634 2021; x_wconf 79' lang='lat' dir='ltr'><strong>llll</strong></span> <span class='ocrx_word' id='word_1_98' title='bbox 659 1960 960 2038; x_wconf 74' lang='lat' dir='ltr'><strong>QttAN&#39;rtuavu.</strong></span> 
     </span>
    </p>

    <p class='ocr_par' dir='ltr' id='par_1_5' title="bbox 219 2179 1319 4078">
     <span class='ocr_line' id='line_1_16' title="bbox 305 2179 1317 2260; baseline -0.002 -23"><span class='ocrx_word' id='word_1_99' title='bbox 305 2179 468 2238; x_wconf 80' lang='lat' dir='ltr'><strong>Anceutus</strong></span> <span class='ocrx_word' id='word_1_100' title='bbox 490 2183 525 2238; x_wconf 89' lang='lat' dir='ltr'><strong>vi</strong></span> <span class='ocrx_word' id='word_1_101' title='bbox 548 2179 679 2240; x_wconf 79' lang='lat' dir='ltr'><strong>vocales</strong></span> <span class='ocrx_word' id='word_1_102' title='bbox 702 2198 809 2241; x_wconf 88' lang='lat' dir='ltr'><strong>earum</strong></span> <span class='ocrx_word' id='word_1_103' title='bbox 833 2181 1026 2260; x_wconf 82' lang='lat' dir='ltr'><strong>syllabarum</strong></span> <span class='ocrx_word' id='word_1_104' title='bbox 1057 2196 1137 2259; x_wconf 86' lang='lat' dir='ltr'><strong>quae</strong></span> <span class='ocrx_word' id='word_1_105' title='bbox 1160 2197 1199 2237; x_wconf 90' lang='lat' dir='ltr'><strong>eu</strong></span> <span class='ocrx_word' id='word_1_106' title='bbox 1222 2194 1317 2237; x_wconf 82' lang='lat' dir='ltr'><strong>aare·</strong></span> 
     </span>
     <span class='ocr_line' id='line_1_17' title="bbox 221 2281 1317 2368; baseline -0.002 -24"><span class='ocrx_word' id='word_1_107' title='bbox 221 2286 296 2346; x_wconf 89' lang='lat' dir='ltr'><strong>bant</strong></span> <span class='ocrx_word' id='word_1_108' title='bbox 325 2303 399 2345; x_wconf 88' lang='lat' dir='ltr'><strong>esse</strong></span> <span class='ocrx_word' id='word_1_109' title='bbox 428 2294 614 2367; x_wconf 81' lang='lat' dir='ltr'><strong>correptas,</strong></span> <span class='ocrx_word' id='word_1_110' title='bbox 647 2290 706 2349; x_wconf 90' lang='lat' dir='ltr'><strong>iarn</strong></span> <span class='ocrx_word' id='word_1_111' title='bbox 737 2306 833 2368; x_wconf 83' lang='lat' dir='ltr'><strong>supra</strong></span> <span class='ocrx_word' id='word_1_112' title='bbox 867 2286 983 2346; x_wconf 88' lang='lat' dir='ltr'><strong>dietum</strong></span> <span class='ocrx_word' id='word_1_113' title='bbox 1014 2296 1072 2346; x_wconf 87' lang='lat' dir='ltr'><strong>est.</strong></span> <span class='ocrx_word' id='word_1_114' title='bbox 1125 2284 1175 2344; x_wconf 79' lang='lat' dir='ltr'><strong>Ab</strong></span> <span class='ocrx_word' id='word_1_115' title='bbox 1205 2281 1317 2345; x_wconf 87' lang='lat' dir='ltr'><strong>eodem</strong></span> 
     </span>
     <span class='ocr_line' id='line_1_18' title="bbox 220 2391 1316 2475; baseline 0 -23"><span class='ocrx_word' id='word_1_116' title='bbox 220 2391 326 2453; x_wconf 87' lang='lat' dir='ltr'><strong>studio</strong></span> <span class='ocrx_word' id='word_1_117' title='bbox 355 2392 499 2472; x_wconf 86' lang='lat' dir='ltr'><strong>syllabas</strong></span> <span class='ocrx_word' id='word_1_118' title='bbox 529 2393 682 2473; x_wconf 85' lang='lat' dir='ltr'><strong>quasdam</strong></span> <span class='ocrx_word' id='word_1_119' title='bbox 715 2394 927 2475; x_wconf 82' lang='lat' dir='ltr'><strong>distinguendi</strong></span> <span class='ocrx_word' id='word_1_120' title='bbox 962 2403 1030 2455; x_wconf 85' lang='lat' dir='ltr'><strong>orta</strong></span> <span class='ocrx_word' id='word_1_121' title='bbox 1066 2399 1116 2453; x_wconf 88' lang='lat' dir='ltr'><strong>est</strong></span> <span class='ocrx_word' id='word_1_122' title='bbox 1150 2391 1316 2470; x_wconf 83' lang='lat' dir='ltr'><strong>productio</strong></span> 
     </span>
     <span class='ocr_line' id='line_1_19' title="bbox 219 2500 1316 2585; baseline -0.002 -23"><span class='ocrx_word' id='word_1_123' title='bbox 219 2520 328 2563; x_wconf 87' lang='lat' dir='ltr'><strong>earum</strong></span> <span class='ocrx_word' id='word_1_124' title='bbox 345 2501 487 2563; x_wconf 84' lang='lat' dir='ltr'><strong>brevium</strong></span> <span class='ocrx_word' id='word_1_125' title='bbox 503 2503 661 2564; x_wconf 84' lang='lat' dir='ltr'><strong>vocalium</strong></span> <span class='ocrx_word' id='word_1_126' title='bbox 679 2524 761 2585; x_wconf 90' lang='lat' dir='ltr'><strong>quae</strong></span> <span class='ocrx_word' id='word_1_127' title='bbox 778 2517 943 2566; x_wconf 85' lang='lat' dir='ltr'><strong>noeentum</strong></span> <span class='ocrx_word' id='word_1_128' title='bbox 958 2502 1127 2565; x_wconf 88' lang='lat' dir='ltr'><strong>habebant.</strong></span> <span class='ocrx_word' id='word_1_129' title='bbox 1142 2535 1177 2547; x_wconf 86' lang='lat'>-</span> <span class='ocrx_word' id='word_1_130' title='bbox 1190 2500 1316 2577; x_wconf 80' lang='lat' dir='ltr'><strong>Quam·</strong></span> 
     </span>
     <span class='ocr_line' id='line_1_20' title="bbox 221 2609 1317 2692; baseline 0.001 -23"><span class='ocrx_word' id='word_1_131' title='bbox 221 2627 312 2687; x_wconf 87' lang='lat' dir='ltr'><strong>quarn</strong></span> <span class='ocrx_word' id='word_1_132' title='bbox 335 2630 396 2670; x_wconf 91' lang='lat' dir='ltr'><strong>non</strong></span> <span class='ocrx_word' id='word_1_133' title='bbox 418 2629 589 2691; x_wconf 87' lang='lat' dir='ltr'><strong>possumus</strong></span> <span class='ocrx_word' id='word_1_134' title='bbox 612 2610 830 2673; x_wconf 84' lang='lat' dir='ltr'><strong>demonstrare</strong></span> <span class='ocrx_word' id='word_1_135' title='bbox 852 2610 965 2692; x_wconf 87' lang='lat' dir='ltr'><strong>quibus</strong></span> <span class='ocrx_word' id='word_1_136' title='bbox 1001 2610 1112 2671; x_wconf 87' lang='lat' dir='ltr'><strong>linibus</strong></span> <span class='ocrx_word' id='word_1_137' title='bbox 1135 2609 1218 2671; x_wconf 84' lang='lat' dir='ltr'><strong>haee</strong></span> <span class='ocrx_word' id='word_1_138' title='bbox 1240 2629 1317 2689; x_wconf 86' lang='lat' dir='ltr'><strong>pro·</strong></span> 
     </span>
     <span class='ocr_line' id='line_1_21' title="bbox 220 2710 1319 2797; baseline 0.001 -24"><span class='ocrx_word' id='word_1_139' title='bbox 220 2712 326 2774; x_wconf 81' lang='lat' dir='ltr'><strong>duolio</strong></span> <span class='ocrx_word' id='word_1_140' title='bbox 347 2716 485 2777; x_wconf 85' lang='lat' dir='ltr'><strong>coercita</strong></span> <span class='ocrx_word' id='word_1_141' title='bbox 507 2715 602 2777; x_wconf 88' lang='lat' dir='ltr'><strong>fuerit</strong></span> <span class='ocrx_word' id='word_1_142' title='bbox 624 2717 653 2777; x_wconf 90' lang='lat' dir='ltr'><strong>in</strong></span> <span class='ocrx_word' id='word_1_143' title='bbox 675 2718 783 2797; x_wconf 81' lang='lat' dir='ltr'><strong>lingua</strong></span> <span class='ocrx_word' id='word_1_144' title='bbox 802 2716 1102 2796; x_wconf 60' lang='lat' dir='ltr'><strong>Aegio-Samnium</strong></span> <span class='ocrx_word' id='word_1_145' title='bbox 1126 2723 1231 2774; x_wconf 87' lang='lat' dir='ltr'><strong>tamen</strong></span> <span class='ocrx_word' id='word_1_146' title='bbox 1255 2710 1319 2774; x_wconf 86' lang='lat' dir='ltr'><strong>‹tu-</strong></span> 
     </span>
     <span class='ocr_line' id='line_1_22' title="bbox 221 2819 1319 2903; baseline -0.001 -23"><span class='ocrx_word' id='word_1_147' title='bbox 221 2819 311 2881; x_wconf 92' lang='lat' dir='ltr'><strong>bitari</strong></span> <span class='ocrx_word' id='word_1_148' title='bbox 332 2841 393 2881; x_wconf 89' lang='lat' dir='ltr'><strong>non</strong></span> <span class='ocrx_word' id='word_1_149' title='bbox 418 2830 538 2902; x_wconf 84' lang='lat' dir='ltr'><strong>potest,</strong></span> <span class='ocrx_word' id='word_1_150' title='bbox 561 2824 634 2903; x_wconf 84' lang='lat' dir='ltr'><strong>quio</strong></span> <span class='ocrx_word' id='word_1_151' title='bbox 657 2825 831 2884; x_wconf 84' lang='lat' dir='ltr'><strong>contractio</strong></span> <span class='ocrx_word' id='word_1_152' title='bbox 854 2823 906 2884; x_wconf 90' lang='lat' dir='ltr'><strong>illa</strong></span> <span class='ocrx_word' id='word_1_153' title='bbox 919 2840 1031 2883; x_wconf 82' lang='lat' dir='ltr'><strong>vocum</strong></span> <span class='ocrx_word' id='word_1_154' title='bbox 1046 2838 1129 2900; x_wconf 85' lang='lat' dir='ltr'><strong>quae</strong></span> <span class='ocrx_word' id='word_1_155' title='bbox 1142 2819 1319 2900; x_wconf 90' lang='lat' dir='ltr'><strong>antiquiore</strong></span> 
     </span>
     <span class='ocr_line' id='line_1_23' title="bbox 220 2927 1315 3008; baseline -0.001 -21"><span class='ocrx_word' id='word_1_156' title='bbox 220 2934 327 2988; x_wconf 84' lang='lat' dir='ltr'><strong>aetate</strong></span> <span class='ocrx_word' id='word_1_157' title='bbox 349 2928 456 3007; x_wconf 82' lang='lat' dir='ltr'><strong>tiebat,</strong></span> <span class='ocrx_word' id='word_1_158' title='bbox 480 2929 617 2990; x_wconf 88' lang='lat' dir='ltr'><strong>intulerit</strong></span> <span class='ocrx_word' id='word_1_159' title='bbox 631 2929 868 3008; x_wconf 85' lang='lat' dir='ltr'><strong>productionem</strong></span> <span class='ocrx_word' id='word_1_160' title='bbox 890 2929 1045 2988; x_wconf 86' lang='lat' dir='ltr'><strong>vocalium</strong></span> <span class='ocrx_word' id='word_1_161' title='bbox 1067 2927 1315 3006; x_wconf 81' lang='lat' dir='ltr'><strong>praecipuarum.</strong></span> 
     </span>
     <span class='ocr_line' id='line_1_24' title="bbox 220 3036 1312 3117; baseline -0.002 -20"><span class='ocrx_word' id='word_1_162' title='bbox 220 3036 262 3097; x_wconf 81' lang='lat' dir='ltr'><strong>of.</strong></span> <span class='ocrx_word' id='word_1_163' title='bbox 287 3037 494 3109; x_wconf 62' lang='lat' dir='ltr'><strong>(inermium,</strong></span> <span class='ocrx_word' id='word_1_164' title='bbox 527 3039 641 3100; x_wconf 83' lang='lat' dir='ltr'><strong>Grem.</strong></span> <span class='ocrx_word' id='word_1_165' title='bbox 662 3060 750 3114; x_wconf 73' lang='lat' dir='ltr'><strong>poro.</strong></span> <span class='ocrx_word' id='word_1_166' title='bbox 774 3040 802 3107; x_wconf 87' lang='lat'><strong>1,</strong></span> <span class='ocrx_word' id='word_1_167' title='bbox 831 3041 878 3098; x_wconf 80' lang='lat' dir='ltr'><strong>ed.</strong></span> <span class='ocrx_word' id='word_1_168' title='bbox 901 3039 971 3109; x_wconf 85' lang='lat'><em>111,</em></span> <span class='ocrx_word' id='word_1_169' title='bbox 991 3059 1022 3113; x_wconf 80' lang='lat' dir='ltr'><strong>p.</strong></span> <span class='ocrx_word' id='word_1_170' title='bbox 1044 3038 1103 3099; x_wconf 83' lang='lat'><strong>32.</strong></span> <span class='ocrx_word' id='word_1_171' title='bbox 1125 3067 1164 3081; x_wconf 84' lang='lat'><strong>-</strong></span> <span class='ocrx_word' id='word_1_172' title='bbox 1186 3036 1312 3117; x_wconf 81' lang='lat' dir='ltr'><strong>Lingua</strong></span> 
     </span>
     <span class='ocr_line' id='line_1_25' title="bbox 221 3141 1317 3222; baseline 0.002 -18"><span class='ocrx_word' id='word_1_173' title='bbox 221 3141 347 3205; x_wconf 85' lang='lat' dir='ltr'><strong>Gallica</strong></span> <span class='ocrx_word' id='word_1_174' title='bbox 369 3150 475 3203; x_wconf 87' lang='lat' dir='ltr'><strong>autem</strong></span> <span class='ocrx_word' id='word_1_175' title='bbox 499 3160 609 3203; x_wconf 87' lang='lat' dir='ltr'><strong>omues</strong></span> <span class='ocrx_word' id='word_1_176' title='bbox 624 3143 700 3213; x_wconf 30' lang='lat' dir='ltr'><strong>‘lere</strong></span> <span class='ocrx_word' id='word_1_177' title='bbox 721 3143 840 3202; x_wconf 90' lang='lat' dir='ltr'><strong>breves</strong></span> <span class='ocrx_word' id='word_1_178' title='bbox 872 3142 1004 3203; x_wconf 87' lang='lat' dir='ltr'><strong>vocales</strong></span> <span class='ocrx_word' id='word_1_179' title='bbox 1036 3141 1229 3222; x_wconf 85' lang='lat' dir='ltr'><strong>syliabarum</strong></span> <span class='ocrx_word' id='word_1_180' title='bbox 1257 3162 1317 3206; x_wconf 86' lang='lat' dir='ltr'><strong>ae·</strong></span> 
     </span>
     <span class='ocr_line' id='line_1_26' title="bbox 220 3238 1315 3332; baseline 0.002 -21"><span class='ocrx_word' id='word_1_181' title='bbox 220 3262 313 3313; x_wconf 87' lang='lat' dir='ltr'><strong>centu</strong></span> <span class='ocrx_word' id='word_1_182' title='bbox 336 3249 549 3331; x_wconf 88' lang='lat' dir='ltr'><strong>praeditarum</strong></span> <span class='ocrx_word' id='word_1_183' title='bbox 571 3250 737 3330; x_wconf 83' lang='lat' dir='ltr'><strong>produxit,</strong></span> <span class='ocrx_word' id='word_1_184' title='bbox 768 3252 826 3313; x_wconf 89' lang='lat' dir='ltr'><strong>uisi</strong></span> <span class='ocrx_word' id='word_1_185' title='bbox 850 3238 932 3311; x_wconf 86' lang='lat' dir='ltr'><strong>duae</strong></span> <span class='ocrx_word' id='word_1_186' title='bbox 958 3254 1173 3332; x_wconf 80' lang='lat' dir='ltr'><strong>sequebantur</strong></span> <span class='ocrx_word' id='word_1_187' title='bbox 1195 3270 1315 3315; x_wconf 84' lang='lat' dir='ltr'><strong>conso-</strong></span> 
     </span>
     <span class='ocr_line' id='line_1_27' title="bbox 220 3336 1315 3436; baseline -0.001 -17"><span class='ocrx_word' id='word_1_188' title='bbox 220 3368 344 3419; x_wconf 87' lang='lat' dir='ltr'><strong>nantes.</strong></span> <span class='ocrx_word' id='word_1_189' title='bbox 368 3356 409 3418; x_wconf 63' lang='grc' dir='ltr'><strong>οἳ.</strong></span> <span class='ocrx_word' id='word_1_190' title='bbox 429 3360 584 3430; x_wconf 69' lang='lat' dir='ltr'><strong>Dianium,</strong></span> <span class='ocrx_word' id='word_1_191' title='bbox 609 3356 720 3419; x_wconf 69' lang='lat' dir='ltr'><strong>(iram.</strong></span> <span class='ocrx_word' id='word_1_192' title='bbox 743 3336 801 3416; x_wconf 82' lang='lat' dir='ltr'><strong>ool.</strong></span> <span class='ocrx_word' id='word_1_193' title='bbox 820 3356 849 3421; x_wconf 86' lang='grc'><strong>1.</strong></span> <span class='ocrx_word' id='word_1_194' title='bbox 869 3377 901 3431; x_wconf 85' lang='lat' dir='ltr'><strong>p.</strong></span> <span class='ocrx_word' id='word_1_195' title='bbox 919 3357 972 3417; x_wconf 78' lang='lat' dir='ltr'><strong>tu.</strong></span> <span class='ocrx_word' id='word_1_196' title='bbox 988 3389 1026 3398; x_wconf 94' lang='lat'>—</span> <span class='ocrx_word' id='word_1_197' title='bbox 1049 3356 1187 3436; x_wconf 86' lang='lat' dir='ltr'><strong>Anglioa</strong></span> <span class='ocrx_word' id='word_1_198' title='bbox 1207 3355 1315 3435; x_wconf 83' lang='lat' dir='ltr'><strong>lingua</strong></span> 
     </span>
     <span class='ocr_line' id='line_1_28' title="bbox 220 3460 1316 3543; baseline -0.001 -19"><span class='ocrx_word' id='word_1_199' title='bbox 220 3464 280 3525; x_wconf 87' lang='lat' dir='ltr'><strong>hac</strong></span> <span class='ocrx_word' id='word_1_200' title='bbox 300 3465 330 3524; x_wconf 91' lang='lat' dir='ltr'><strong>iu</strong></span> <span class='ocrx_word' id='word_1_201' title='bbox 352 3482 386 3524; x_wconf 92' lang='lat' dir='ltr'><strong>re</strong></span> <span class='ocrx_word' id='word_1_202' title='bbox 407 3472 521 3525; x_wconf 82' lang='lat' dir='ltr'><strong>secuta</strong></span> <span class='ocrx_word' id='word_1_203' title='bbox 543 3473 592 3524; x_wconf 89' lang='lat' dir='ltr'><strong>est</strong></span> <span class='ocrx_word' id='word_1_204' title='bbox 613 3460 838 3543; x_wconf 86' lang='lat' dir='ltr'><strong>propemodum</strong></span> <span class='ocrx_word' id='word_1_205' title='bbox 851 3462 996 3542; x_wconf 48' lang='lat' dir='ltr'><strong>¹liugnam</strong></span> <span class='ocrx_word' id='word_1_206' title='bbox 1009 3460 1178 3539; x_wconf 86' lang='lat' dir='ltr'><strong>Gallicam,</strong></span> <span class='ocrx_word' id='word_1_207' title='bbox 1201 3463 1316 3542; x_wconf 87' lang='lat' dir='ltr'><strong>quippe</strong></span> 
     </span>
     <span class='ocr_line' id='line_1_29' title="bbox 222 3566 1313 3650; baseline 0 -22"><span class='ocrx_word' id='word_1_208' title='bbox 222 3586 302 3648; x_wconf 86' lang='lat' dir='ltr'><strong>quae</strong></span> <span class='ocrx_word' id='word_1_209' title='bbox 324 3585 435 3629; x_wconf 90' lang='lat' dir='ltr'><strong>omnes</strong></span> <span class='ocrx_word' id='word_1_210' title='bbox 455 3568 524 3629; x_wconf 85' lang='lat' dir='ltr'><strong>fere</strong></span> <span class='ocrx_word' id='word_1_211' title='bbox 546 3568 677 3629; x_wconf 83' lang='lat' dir='ltr'><strong>vocales</strong></span> <span class='ocrx_word' id='word_1_212' title='bbox 700 3580 774 3629; x_wconf 86' lang='lat' dir='ltr'><strong>noto</strong></span> <span class='ocrx_word' id='word_1_213' title='bbox 796 3566 876 3628; x_wconf 88' lang='lat' dir='ltr'><strong>duas</strong></span> <span class='ocrx_word' id='word_1_214' title='bbox 893 3567 1313 3650; x_wconf 83' lang='lat' dir='ltr'><strong>consonantescorripuerit,</strong></span> 
     </span>
     <span class='ocr_line' id='line_1_30' title="bbox 220 3673 1315 3755; baseline -0.001 -17"><span class='ocrx_word' id='word_1_215' title='bbox 220 3685 295 3738; x_wconf 83' lang='lat' dir='ltr'><strong>ante</strong></span> <span class='ocrx_word' id='word_1_216' title='bbox 327 3692 418 3735; x_wconf 89' lang='lat' dir='ltr'><strong>uuam</strong></span> <span class='ocrx_word' id='word_1_217' title='bbox 446 3683 563 3752; x_wconf 87' lang='lat' dir='ltr'><strong>autern,</strong></span> <span class='ocrx_word' id='word_1_218' title='bbox 586 3676 646 3735; x_wconf 81' lang='lat' dir='ltr'><strong>nisi</strong></span> <span class='ocrx_word' id='word_1_219' title='bbox 672 3676 702 3736; x_wconf 92' lang='lat' dir='ltr'><strong>in</strong></span> <span class='ocrx_word' id='word_1_220' title='bbox 724 3674 787 3735; x_wconf 87' lang='lat' dir='ltr'><strong>fine</strong></span> <span class='ocrx_word' id='word_1_221' title='bbox 815 3674 960 3755; x_wconf 87' lang='lat' dir='ltr'><strong>syllabae</strong></span> <span class='ocrx_word' id='word_1_222' title='bbox 983 3673 1086 3754; x_wconf 84' lang='lat' dir='ltr'><strong>posita</strong></span> <span class='ocrx_word' id='word_1_223' title='bbox 1107 3682 1171 3753; x_wconf 87' lang='lat' dir='ltr'><strong>est,</strong></span> <span class='ocrx_word' id='word_1_224' title='bbox 1193 3675 1315 3755; x_wconf 86' lang='lat' dir='ltr'><strong>produ·</strong></span> 
     </span>
     <span class='ocr_line' id='line_1_31' title="bbox 221 3784 1316 3866; baseline 0 -20"><span class='ocrx_word' id='word_1_225' title='bbox 221 3786 313 3846; x_wconf 84' lang='lat' dir='ltr'><strong>xerit.</strong></span> <span class='ocrx_word' id='word_1_226' title='bbox 359 3784 495 3845; x_wconf 89' lang='lat' dir='ltr'><strong>Videtur</strong></span> <span class='ocrx_word' id='word_1_227' title='bbox 517 3784 615 3866; x_wconf 85' lang='lat' dir='ltr'><strong>igitur</strong></span> <span class='ocrx_word' id='word_1_228' title='bbox 640 3785 795 3846; x_wconf 80' lang='lat' dir='ltr'><strong>vocalium</strong></span> <span class='ocrx_word' id='word_1_229' title='bbox 815 3786 977 3866; x_wconf 81' lang='lat' dir='ltr'><strong>quantitas</strong></span> <span class='ocrx_word' id='word_1_230' title='bbox 997 3786 1028 3844; x_wconf 91' lang='lat' dir='ltr'><strong>in</strong></span> <span class='ocrx_word' id='word_1_231' title='bbox 1047 3784 1153 3865; x_wconf 80' lang='lat' dir='ltr'><strong>lingua</strong></span> <span class='ocrx_word' id='word_1_232' title='bbox 1181 3786 1316 3866; x_wconf 77' lang='lat' dir='ltr'><strong>Angliea</strong></span> 
     </span>
     <span class='ocr_line' id='line_1_32' title="bbox 220 3886 1315 3972; baseline -0.004 -19"><span class='ocrx_word' id='word_1_233' title='bbox 220 3891 358 3953; x_wconf 81' lang='lat' dir='ltr'><strong>maxime</strong></span> <span class='ocrx_word' id='word_1_234' title='bbox 380 3909 420 3952; x_wconf 86' lang='lat' dir='ltr'><strong>ex</strong></span> <span class='ocrx_word' id='word_1_235' title='bbox 442 3898 576 3952; x_wconf 86' lang='lat' dir='ltr'><strong>auoeutu</strong></span> <span class='ocrx_word' id='word_1_236' title='bbox 600 3886 800 3971; x_wconf 66' lang='lat' dir='ltr'><strong>dependere,</strong></span> <span class='ocrx_word' id='word_1_237' title='bbox 832 3906 1023 3972; x_wconf 86' lang='lat' dir='ltr'><strong>quamquem</strong></span> <span class='ocrx_word' id='word_1_238' title='bbox 1053 3891 1222 3952; x_wconf 84' lang='lat' dir='ltr'><strong>nonnullae</strong></span> <span class='ocrx_word' id='word_1_239' title='bbox 1242 3900 1315 3950; x_wconf 91' lang='lat' dir='ltr'><strong>sunt</strong></span> 
     </span>
     <span class='ocr_line' id='line_1_33' title="bbox 221 3998 1311 4078; baseline -0.005 -20"><span class='ocrx_word' id='word_1_240' title='bbox 221 3999 299 4059; x_wconf 85' lang='lat' dir='ltr'><strong>aliae</strong></span> <span class='ocrx_word' id='word_1_241' title='bbox 324 3998 513 4078; x_wconf 78' lang='lat' dir='ltr'><strong>quantitatis</strong></span> <span class='ocrx_word' id='word_1_242' title='bbox 536 4000 675 4060; x_wconf 89' lang='lat' dir='ltr'><strong>rationes</strong></span> <span class='ocrx_word' id='word_1_243' title='bbox 688 4016 769 4078; x_wconf 89' lang='lat' dir='ltr'><strong>quae</strong></span> <span class='ocrx_word' id='word_1_244' title='bbox 783 3998 871 4060; x_wconf 87' lang='lat' dir='ltr'><strong>sonis</strong></span> <span class='ocrx_word' id='word_1_245' title='bbox 883 3998 963 4078; x_wconf 84' lang='lat' dir='ltr'><strong>ipsis</strong></span> <span class='ocrx_word' id='word_1_246' title='bbox 978 3998 1150 4058; x_wconf 88' lang='lat' dir='ltr'><strong>litterarum</strong></span> <span class='ocrx_word' id='word_1_247' title='bbox 1164 4000 1311 4058; x_wconf 89' lang='lat' dir='ltr'><strong>nituntur.</strong></span> 
     </span>
    </p>
   </div>
   <div class='ocr_carea' id='block_1_5' title="bbox 613 4141 917 4155">
    <p class='ocr_par' dir='ltr' id='par_1_6' title="bbox 613 4141 917 4155">
     <span class='ocr_line' id='line_1_34' title="bbox 613 4141 917 4155; baseline 0 -2"><span class='ocrx_word' id='word_1_248' title='bbox 613 4141 917 4155; x_wconf 51' lang='lat' dir='ltr'><strong>m</strong></span> 
     </span>
    </p>
   </div>
   <div class='ocr_carea' id='block_1_6' title="bbox 0 0 1474 4514">
    <p class='ocr_par' dir='ltr' id='par_1_7' title="bbox 0 0 1474 4514">
     <span class='ocr_line' id='line_1_35' title="bbox 0 0 1474 4514; baseline 0 0"><span class='ocrx_word' id='word_1_249' title='bbox 0 0 1474 4514; x_wconf 95' lang='lat' dir='ltr'><strong> </strong></span> 
     </span>
    </p>
   </div>
  </div>
 </body>
</html>
