2940 4514
138 500 219 567 qcae
248 483 369 547 eisdem
397 486 427 546 in
455 486 550 547 rebus
578 484 672 548 modo
698 488 828 549 alteram
858 487 963 566 legem
986 485 1080 546 modo
1102 485 1235 546 mmmm

139 591 291 653 obscrvet
298 607 307 669 3
340 592 431 653 tertia
460 592 596 673 denique
625 592 800 671 perlectum
833 593 894 654 iam
925 592 1056 671 praebet
1090 591 1237 668 leimam,

138 701 257 780 quippe
278 717 360 780 quoe
379 702 481 762 certis
508 701 653 763 subiecta
682 702 724 763 sit
750 703 884 783 legibus.
938 702 1030 765 Vixit
1051 703 1235 783 Spenscrue

139 825 178 868 eo
199 817 354 887 tempore,
374 786 458 889 (fund
477 808 614 871 medium
625 811 704 872 inter
718 809 892 872 secundam
907 818 940 870 et
955 811 1080 870 tertiem
1093 818 1234 871 aetutem

138 913 314 990 intercedit,
338 932 402 995 quo
424 914 549 997 quidem
572 935 675 997 neque
694 926 782 978 carta
803 925 871 977 erat
894 920 1089 996 relinquam
1112 933 1236 997 seque:-

139 1031 224 1085 rctur
247 1022 371 1105 lingua,
403 1038 507 1101 neque
533 1032 638 1084 tamen
669 1041 798 1103 prorsus
825 1021 937 1084 deerat
963 1025 1043 1084 ratio
1074 1031 1107 1083 et
1128 1041 1237 1084 norma

138 1127 294 1211 loquendi.
339 1127 439 1190 Cuirm
460 1136 575 1208 poetae
597 1129 627 1190 iu
647 1130 757 1211 lingua
784 1149 856 1192 cum
886 1140 1054 1192 versutum
1083 1132 1126 1191 sit
1154 1129 1237 1191 haec

139 1235 339 1310 dissertatio,
370 1233 538 1316 disputabo
562 1240 695 1317 primum
717 1235 759 1298 de
781 1245 937 1312 accentu,
968 1248 1033 1299 tum
1054 1237 1095 1299 de
1116 1240 1237 1301 ratione

140 1340 300 1403 scribendi
322 1350 419 1422 atque
439 1343 668 1405 mutationibus
682 1345 844 1427 signorum
856 1363 1080 1428 sonorumque,
1102 1348 1238 1428 denique

139 1448 180 1511 dc
201 1450 371 1511 verborum
398 1450 529 1513 flexura
578 1451 684 1513 Antea
713 1461 819 1515 tameo
843 1454 883 1516 de
905 1454 1140 1517 construetione
1159 1474 1238 1514 ver-

139 1575 232 1620 suum
254 1558 369 1639 quibus
389 1576 470 1620 usus
491 1567 542 1621 est
563 1559 748 1641 Spenserus
771 1561 886 1642 aliquid
908 1561 1099 1623 monendum
1122 1570 1183 1636 eat,
1203 1570 1240 1624 ut

140 1674 294 1745 appareat
307 1681 400 1744 quam
416 1683 516 1745 prono
531 1664 575 1726 sit
597 1666 703 1745 lingua
724 1666 767 1728 ad
788 1666 889 1728 verbo
910 1667 954 1727 ita
973 1665 1182 1746 corripienda,
1204 1675 1239 1727 ut

140 1771 172 1832 iu
190 1780 406 1835 consonantes
425 1780 552 1836 exeant.
573 1802 616 1815 -
637 1772 779 1853 stropha
794 1772 1011 1852 Speuseriaua
1027 1790 1088 1833 nou
1103 1773 1237 1833 multum

141 1881 181 1943 ab
202 1898 243 1943 ea
264 1879 370 1945 differt
390 1899 453 1962 que
475 1880 523 1942 usi
543 1888 619 1941 sunt
633 1880 760 1941 Arioste
777 1888 809 1941 et
820 1881 935 1955 Teneo,
956 1870 1116 1960 ulsi'qued
1128 1879 1238 1960 Speo-

141 2002 235 2047 serus
254 1993 329 2048 octo
351 1985 501 2046 versibus
523 1985 667 2047 iambicis
693 1985 746 2066 qui
774 2002 816 2046 ex
843 1986 982 2067 quinque
1002 1984 1136 2065 pedibus
1156 2003 1240 2046 cen·

141 2102 244 2170 etant,
271 2111 387 2155 nonum
414 2091 559 2173 adiungit
578 2109 709 2153 versum
731 2093 785 2173 qui
814 2108 876 2152 sex
901 2091 997 2153 hebet
1020 2090 1131 2172 pedes.
1174 2092 1238 2172 lpsi

142 2208 248 2264 autem
269 2218 384 2263 versus
405 2198 574 2263 discrimen
594 2199 720 2281 aliquod
740 2199 908 2275 exhibent,
933 2199 1018 2280 quod
1044 2218 1086 2260 ex
1107 2198 1237 2261 diversa

142 2309 272 2392 linguae
292 2310 423 2371 italicae
444 2307 643 2390 etAnglicae
662 2317 774 2368 natura
790 2306 925 2387 pendet3
945 2305 1141 2387 apudltalos
1154 2308 1237 2368 enim

144 2422 260 2505 cuique
282 2421 350 2483 fere
371 2422 482 2484 versui
501 2419 682 2501 adiungitur
704 2419 815 2481 brevis
835 2417 968 2493 vocalis,
998 2434 1081 2497 quoe
1101 2424 1236 2478 accentu

144 2535 244 2604 caret,
265 2528 309 2590 ita
330 2538 366 2589 ut
386 2526 533 2589 undecim
550 2527 692 2607 syllabas
707 2542 825 2587 vasus
839 2525 1009 2586 continent.
1052 2521 1239 2585 Cuiusmodi

145 2652 275 2697 versum
297 2638 329 2695 ln
351 2634 459 2712 primis
480 2632 580 2693 tribus
602 2632 689 2693 libris
709 2630 856 2693 carminis
878 2627 1178 2704 „Foerieooenne“
1200 2646 1240 2688 ue

146 2758 241 2802 unum
267 2737 394 2820 quidem
422 2736 546 2815 inveni3
574 2735 646 2797 indo
674 2755 694 2797 a
723 2745 837 2818 quarto
867 2752 945 2796 vere
978 2734 1056 2796 libro
1090 2734 1239 2796 nonnulla

145 2846 240 2910 buius
260 2848 306 2908 rei
326 2845 525 2926 reperiuntur
557 2844 721 2923 exempla,
754 2860 835 2923 quae
856 2844 1044 2922 plerumque
1065 2850 1173 2903 tameo
1196 2842 1239 2900 ita

146 2961 222 3016 suut
242 2959 437 3032 computata,
457 2958 491 3011 ut
512 2957 708 3011 consonante
723 2947 938 3008 terminentur.
981 2946 1054 3006 lloc
1068 2946 1097 3005 iu
1112 2960 1239 3004 nrrmero

146 3070 198 3123 est
219 3059 339 3121 initium
360 3057 510 3136 strophae
530 3055 590 3131 ⁴1,
611 3054 735 3116 Cautus
755 3054 786 3130 7,
807 3053 895 3113 bibri
915 3051 963 3115 b:

271 3162 419 3246 oller-lm
440 3180 511 3225 was
533 3172 641 3224 soerue
660 3162 722 3224 aod
744 3162 870 3222 terrible
892 3162 935 3240 by
956 3170 1077 3221 nature.

275 3271 366 3334 obrid
387 3274 468 3333 ecke
492 3271 529 3334 os
548 3288 662 3351 person
684 3268 835 3353 hegcand
856 3266 988 3328 hidecus

273 3378 484 3459 »Exocediug
506 3377 601 3438 much
624 3378 678 3437 tlte
701 3393 850 3437 measure
868 3372 905 3433 oi
923 3388 1013 3433 maus
1036 3378 1172 3449 stature,

276 3488 370 3550 »And
393 3488 499 3549 rather
520 3488 584 3548 lilrc
605 3505 624 3546 n
648 3484 781 3567 Gyeunt
800 3491 1037 3545 monstrucusnr

230 3595 384 3657 [litteram
407 3617 425 3656 e
446 3595 538 3656 cuius
557 3594 641 3675 apud
658 3595 853 3676 Spenserum
871 3608 949 3653 usus
967 3585 1242 3669 frequentissimus

150 3710 211 3776 est,
230 3702 260 3760 in
281 3699 345 3763 line
363 3703 454 3762 vocis
467 3718 623 3780 uunquam
639 3699 839 3780 pronuntiari,
860 3696 931 3771 sed,
955 3708 989 3756 ut
1002 3697 1103 3756 nostri
1116 3692 1243 3765 acutis,

149 3824 281 3891 prorsus
303 3817 420 3869 mutam
443 3826 533 3882 esse,
560 3808 612 3869 lric
635 3824 793 3885 memor03
823 3805 926 3867 media
949 3808 980 3865 in
1001 3819 1085 3863 voce
1107 3801 1139 3862 iu
1160 3817 1241 3860 uou-

149 3915 243 3978 nullis
264 3914 375 3976 verbis
397 3913 531 3977 Gallicis
552 3918 780 3996 pronuntiatur,
802 3915 832 3975 io
850 3913 962 3993 quibus
978 3928 1061 3973 nuuc
1080 3915 1134 3971 sut
1155 3916 1242 3967 muta

150 4030 213 4099 est,
234 4039 305 4084 oco.
316 4020 411 4083 ullam
434 4020 497 4082 vim
515 4021 621 4096 babet,
641 4020 701 4083 uisi
715 4031 748 4083 ut
759 4018 997 4101 productionem
1013 4015 1134 4080 vocalis
1147 4032 1244 4096 prae-
