<?xml version="1.0" encoding="UTF-8"?>
<!DOCTYPE html PUBLIC "-//W3C//DTD XHTML 1.0 Transitional//EN"
    "http://www.w3.org/TR/xhtml1/DTD/xhtml1-transitional.dtd">
<html xmlns="http://www.w3.org/1999/xhtml" xml:lang="en" lang="en">
 <head>
  <title>
</title>
<meta http-equiv="Content-Type" content="text/html;charset=utf-8" />
  <meta name='ocr-system' content='tesseract 3.04.00' />
  <meta name='ocr-capabilities' content='ocr_page ocr_carea ocr_par ocr_line ocrx_word'/>
</head>
<body>
  <div class='ocr_page' id='page_1' title='image "./delinguaspenser00willgoog_0040.png"; bbox 0 0 2940 4514; ppageno 0'>
   <div class='ocr_carea' id='block_1_1' title="bbox 193 454 1299 855">
    <p class='ocr_par' dir='ltr' id='par_1_1' title="bbox 193 454 1299 855">
     <span class='ocr_line' id='line_1_1' title="bbox 197 454 1297 538; baseline -0.004 -17"><span class='ocrx_word' id='word_1_1' title='bbox 197 462 361 536; x_wconf 67' lang='lat' dir='ltr'><strong>„notem</strong></span> <span class='ocrx_word' id='word_1_2' title='bbox 383 465 414 519; x_wconf 88' lang='lat' dir='ltr'><strong>to</strong></span> <span class='ocrx_word' id='word_1_3' title='bbox 435 478 581 536; x_wconf 73' lang='lat' dir='ltr'><strong>compare</strong></span> <span class='ocrx_word' id='word_1_4' title='bbox 602 456 746 533; x_wconf 83' lang='lat' dir='ltr'><strong>(divitias</strong></span> <span class='ocrx_word' id='word_1_5' title='bbox 770 461 970 538; x_wconf 80' lang='lat' dir='ltr'><strong>eoinperare)</strong></span> <span class='ocrx_word' id='word_1_6' title='bbox 996 457 1063 519; x_wconf 88' lang='grc'><strong>1.4.</strong></span> <span class='ocrx_word' id='word_1_7' title='bbox 1077 454 1136 534; x_wconf 71' lang='grc'><strong>385</strong></span> <span class='ocrx_word' id='word_1_8' title='bbox 1158 457 1297 531; x_wconf 80' lang='lat' dir='ltr'><strong>‚‚retate“</strong></span> 
     </span>
     <span class='ocr_line' id='line_1_2' title="bbox 196 563 1299 645; baseline -0.004 -17"><span class='ocrx_word' id='word_1_9' title='bbox 196 567 346 640; x_wconf 77' lang='lat' dir='ltr'><strong>(referre,</strong></span> <span class='ocrx_word' id='word_1_10' title='bbox 367 563 537 637; x_wconf 79' lang='lat' dir='ltr'><strong>redonare)</strong></span> <span class='ocrx_word' id='word_1_11' title='bbox 559 563 589 627; x_wconf 99' lang='grc'><strong>3.</strong></span> <span class='ocrx_word' id='word_1_12' title='bbox 611 564 642 625; x_wconf 92' lang='grc'><strong>8.</strong></span> <span class='ocrx_word' id='word_1_13' title='bbox 663 563 719 641; x_wconf 87' lang='grc'><strong>515</strong></span> <span class='ocrx_word' id='word_1_14' title='bbox 744 567 890 640; x_wconf 70' lang='lat' dir='ltr'><strong>„invent‘</strong></span> <span class='ocrx_word' id='word_1_15' title='bbox 913 584 968 645; x_wconf 81' lang='lat' dir='ltr'><strong>pro</strong></span> <span class='ocrx_word' id='word_1_16' title='bbox 992 567 1097 642; x_wconf 75' lang='lat' dir='ltr'><strong>„finct‘</strong></span> <span class='ocrx_word' id='word_1_17' title='bbox 1120 566 1299 638; x_wconf 83' lang='lat' dir='ltr'><strong>(invenire)</strong></span> 
     </span>
     <span class='ocr_line' id='line_1_3' title="bbox 193 669 1297 750; baseline -0.001 -16"><span class='ocrx_word' id='word_1_18' title='bbox 193 671 267 734; x_wconf 88' lang='grc'><strong>3.5.</strong></span> <span class='ocrx_word' id='word_1_19' title='bbox 281 671 329 732; x_wconf 87' lang='grc'><strong>10.</strong></span> <span class='ocrx_word' id='word_1_20' title='bbox 374 671 494 734; x_wconf 80' lang='lat' dir='ltr'><strong>Coiiter</strong></span> <span class='ocrx_word' id='word_1_21' title='bbox 510 680 676 750; x_wconf 83' lang='lat' dir='ltr'><strong>praeterea</strong></span> <span class='ocrx_word' id='word_1_22' title='bbox 688 673 881 733; x_wconf 77' lang='lat' dir='ltr'><strong>laniationem</strong></span> <span class='ocrx_word' id='word_1_23' title='bbox 904 671 988 746; x_wconf 63' lang='lat' dir='ltr'><strong>‚nati</strong></span> <span class='ocrx_word' id='word_1_24' title='bbox 1006 672 1125 732; x_wconf 64' lang='grc' dir='ltr'><strong>Ικαηειι</strong></span> <span class='ocrx_word' id='word_1_25' title='bbox 1147 669 1297 744; x_wconf 70' lang='grc'><strong>(1533)</strong></span> 
     </span>
     <span class='ocr_line' id='line_1_4' title="bbox 194 780 768 855; baseline -0.005 -13"><span class='ocrx_word' id='word_1_26' title='bbox 194 800 266 842; x_wconf 86' lang='lat' dir='ltr'><strong>aum</strong></span> <span class='ocrx_word' id='word_1_27' title='bbox 290 780 405 841; x_wconf 76' lang='lat' dir='ltr'><strong>Latina</strong></span> <span class='ocrx_word' id='word_1_28' title='bbox 425 781 475 841; x_wconf 86' lang='lat' dir='ltr'><strong>iila</strong></span> <span class='ocrx_word' id='word_1_29' title='bbox 499 780 605 855; x_wconf 77' lang='lat' dir='ltr'><strong>„mate</strong></span> <span class='ocrx_word' id='word_1_30' title='bbox 626 780 768 843; x_wconf 80' lang='lat' dir='ltr'><strong>andire.“</strong></span> 
     </span>
    </p>
   </div>
   <div class='ocr_carea' id='block_1_2' title="bbox 128 1117 1302 2828">
    <p class='ocr_par' dir='ltr' id='par_1_2' title="bbox 195 1117 1300 1640">
     <span class='ocr_line' id='line_1_5' title="bbox 281 1117 1295 1208; baseline -0.013 -17"><span class='ocrx_word' id='word_1_31' title='bbox 281 1127 449 1207; x_wconf 77' lang='lat' dir='ltr'><strong>Reliquum</strong></span> <span class='ocrx_word' id='word_1_32' title='bbox 471 1134 540 1208; x_wconf 83' lang='lat' dir='ltr'><strong>est,</strong></span> <span class='ocrx_word' id='word_1_33' title='bbox 563 1135 599 1189; x_wconf 88' lang='lat' dir='ltr'><strong>nt</strong></span> <span class='ocrx_word' id='word_1_34' title='bbox 621 1125 969 1196; x_wconf 74' lang='lat' dir='ltr'><strong>determinationibus,</strong></span> <span class='ocrx_word' id='word_1_35' title='bbox 1003 1138 1086 1201; x_wconf 82' lang='lat' dir='ltr'><strong>quae</strong></span> <span class='ocrx_word' id='word_1_36' title='bbox 1107 1117 1295 1180; x_wconf 75' lang='lat' dir='ltr'><strong>adhibentur</strong></span> 
     </span>
     <span class='ocr_line' id='line_1_6' title="bbox 198 1221 1300 1299; baseline -0.011 -3"><span class='ocrx_word' id='word_1_37' title='bbox 198 1233 238 1296; x_wconf 83' lang='lat' dir='ltr'><strong>ed</strong></span> <span class='ocrx_word' id='word_1_38' title='bbox 270 1235 398 1296; x_wconf 86' lang='lat' dir='ltr'><strong>nomina</strong></span> <span class='ocrx_word' id='word_1_39' title='bbox 429 1232 588 1294; x_wconf 74' lang='lat' dir='ltr'><strong>adiectio-a</strong></span> <span class='ocrx_word' id='word_1_40' title='bbox 621 1245 654 1294; x_wconf 88' lang='lat' dir='ltr'><strong>et</strong></span> <span class='ocrx_word' id='word_1_41' title='bbox 681 1229 883 1292; x_wconf 80' lang='lat' dir='ltr'><strong>substantiva</strong></span> <span class='ocrx_word' id='word_1_42' title='bbox 914 1223 1161 1299; x_wconf 73' lang='lat' dir='ltr'><strong>conformanda,</strong></span> <span class='ocrx_word' id='word_1_43' title='bbox 1196 1230 1228 1284; x_wconf 88' lang='lat' dir='ltr'><strong>et</strong></span> <span class='ocrx_word' id='word_1_44' title='bbox 1259 1221 1300 1284; x_wconf 86' lang='lat' dir='ltr'><strong>de</strong></span> 
     </span>
     <span class='ocr_line' id='line_1_7' title="bbox 195 1337 1299 1423; baseline -0.008 -19"><span class='ocrx_word' id='word_1_45' title='bbox 195 1348 352 1423; x_wconf 69' lang='lat' dir='ltr'><strong>praefinio</strong></span> <span class='ocrx_word' id='word_1_46' title='bbox 373 1343 436 1405; x_wconf 82' lang='lat' dir='ltr'><strong>hoo</strong></span> <span class='ocrx_word' id='word_1_47' title='bbox 458 1360 721 1418; x_wconf 81' lang='lat' dir='ltr'><strong>eommemorem,</strong></span> <span class='ocrx_word' id='word_1_48' title='bbox 751 1359 858 1400; x_wconf 80' lang='lat' dir='ltr'><strong>aarum</strong></span> <span class='ocrx_word' id='word_1_49' title='bbox 888 1337 974 1419; x_wconf 86' lang='lat' dir='ltr'><strong>apud</strong></span> <span class='ocrx_word' id='word_1_50' title='bbox 997 1340 1192 1418; x_wconf 85' lang='lat' dir='ltr'><strong>Spenserum</strong></span> <span class='ocrx_word' id='word_1_51' title='bbox 1217 1353 1299 1396; x_wconf 88' lang='lat' dir='ltr'><strong>non-</strong></span> 
     </span>
     <span class='ocr_line' id='line_1_8' title="bbox 197 1446 1300 1531; baseline -0.005 -19"><span class='ocrx_word' id='word_1_52' title='bbox 197 1451 300 1512; x_wconf 78' lang='lat' dir='ltr'><strong>nullas</strong></span> <span class='ocrx_word' id='word_1_53' title='bbox 323 1455 447 1531; x_wconf 80' lang='lat' dir='ltr'><strong>reperi,</strong></span> <span class='ocrx_word' id='word_1_54' title='bbox 477 1468 559 1531; x_wconf 71' lang='lat' dir='ltr'><strong>quise</strong></span> <span class='ocrx_word' id='word_1_55' title='bbox 581 1448 693 1529; x_wconf 89' lang='lat' dir='ltr'><strong>hodie,</strong></span> <span class='ocrx_word' id='word_1_56' title='bbox 723 1457 777 1509; x_wconf 86' lang='lat' dir='ltr'><strong>ant</strong></span> <span class='ocrx_word' id='word_1_57' title='bbox 799 1452 926 1509; x_wconf 87' lang='lat' dir='ltr'><strong>omnino</strong></span> <span class='ocrx_word' id='word_1_58' title='bbox 948 1467 1027 1528; x_wconf 76' lang='lat' dir='ltr'><strong>ioan,</strong></span> <span class='ocrx_word' id='word_1_59' title='bbox 1060 1446 1300 1508; x_wconf 77' lang='lat' dir='ltr'><strong>satiatissime</strong></span> 
     </span>
     <span class='ocr_line' id='line_1_9' title="bbox 198 1535 934 1640; baseline -0.005 -20"><span class='ocrx_word' id='word_1_60' title='bbox 198 1568 402 1640; x_wconf 79' lang='lat' dir='ltr'><strong>usurpentur,</strong></span> <span class='ocrx_word' id='word_1_61' title='bbox 425 1577 555 1639; x_wconf 72' lang='lat' dir='ltr'><strong>quinium</strong></span> <span class='ocrx_word' id='word_1_62' title='bbox 578 1558 723 1638; x_wconf 84' lang='lat' dir='ltr'><strong>exempla</strong></span> <span class='ocrx_word' id='word_1_63' title='bbox 736 1535 822 1619; x_wconf 45' lang='lat' dir='ltr'><strong>‘sunt</strong></span> <span class='ocrx_word' id='word_1_64' title='bbox 842 1556 934 1618; x_wconf 81' lang='lat' dir='ltr'><strong>liaeo.</strong></span> 
     </span>
    </p>

    <p class='ocr_par' dir='ltr' id='par_1_3' title="bbox 128 1660 1302 2375">
     <span class='ocr_line' id='line_1_10' title="bbox 286 1660 1301 1749; baseline -0.009 -20"><span class='ocrx_word' id='word_1_65' title='bbox 286 1669 548 1749; x_wconf 64' lang='lat' dir='ltr'><strong>Permittamus,</strong></span> <span class='ocrx_word' id='word_1_66' title='bbox 572 1684 660 1746; x_wconf 84' lang='lat' dir='ltr'><strong>esse,</strong></span> <span class='ocrx_word' id='word_1_67' title='bbox 683 1668 744 1745; x_wconf 88' lang='lat' dir='ltr'><strong>ise,</strong></span> <span class='ocrx_word' id='word_1_68' title='bbox 767 1664 828 1726; x_wconf 86' lang='lat' dir='ltr'><strong>hed</strong></span> <span class='ocrx_word' id='word_1_69' title='bbox 851 1666 966 1739; x_wconf 68' lang='lat' dir='ltr'><strong>(tad),</strong></span> <span class='ocrx_word' id='word_1_70' title='bbox 986 1662 1079 1725; x_wconf 83' lang='lat' dir='ltr'><strong>dome</strong></span> <span class='ocrx_word' id='word_1_71' title='bbox 1103 1660 1231 1735; x_wconf 72' lang='lat' dir='ltr'><strong>(daim]:</strong></span> <span class='ocrx_word' id='word_1_72' title='bbox 1255 1660 1301 1720; x_wconf 83' lang='lat' dir='ltr'><strong>ri-</strong></span> 
     </span>
     <span class='ocr_line' id='line_1_11' title="bbox 195 1769 1299 1850; baseline -0.007 -12"><span class='ocrx_word' id='word_1_73' title='bbox 195 1776 312 1838; x_wconf 83' lang='lat' dir='ltr'><strong>ohesse</strong></span> <span class='ocrx_word' id='word_1_74' title='bbox 334 1775 499 1848; x_wconf 84' lang='lat' dir='ltr'><strong>(divitiae)</strong></span> <span class='ocrx_word' id='word_1_75' title='bbox 523 1776 548 1836; x_wconf 82' lang='lat'><strong>1.</strong></span> <span class='ocrx_word' id='word_1_76' title='bbox 569 1777 599 1839; x_wconf 90' lang='grc'><strong>4.</strong></span> <span class='ocrx_word' id='word_1_77' title='bbox 618 1775 654 1850; x_wconf 81' lang='grc'><strong>75</strong></span> <span class='ocrx_word' id='word_1_78' title='bbox 679 1774 841 1836; x_wconf 83' lang='lat' dir='ltr'><strong>nobilesse</strong></span> <span class='ocrx_word' id='word_1_79' title='bbox 861 1772 1047 1847; x_wconf 75' lang='lat' dir='ltr'><strong>(nobilitas)</strong></span> <span class='ocrx_word' id='word_1_80' title='bbox 1065 1772 1137 1831; x_wconf 70' lang='lat'><strong>28.</strong></span> <span class='ocrx_word' id='word_1_81' title='bbox 1153 1769 1202 1847; x_wconf 80' lang='grc'><strong>185</strong></span> <span class='ocrx_word' id='word_1_82' title='bbox 1226 1769 1299 1830; x_wconf 80' lang='lat' dir='ltr'><strong>tae·</strong></span> 
     </span>
     <span class='ocr_line' id='line_1_12' title="bbox 198 1875 1302 1962; baseline -0.009 -16"><span class='ocrx_word' id='word_1_83' title='bbox 198 1883 304 1946; x_wconf 87' lang='lat' dir='ltr'><strong>biesso</strong></span> <span class='ocrx_word' id='word_1_84' title='bbox 319 1882 554 1958; x_wconf 76' lang='lat' dir='ltr'><strong>(imbecillitas)</strong></span> <span class='ocrx_word' id='word_1_85' title='bbox 568 1883 597 1944; x_wconf 94' lang='grc'><strong>4.</strong></span> <span class='ocrx_word' id='word_1_86' title='bbox 608 1886 637 1945; x_wconf 95' lang='grc'><strong>8.</strong></span> <span class='ocrx_word' id='word_1_87' title='bbox 649 1881 691 1946; x_wconf 87' lang='grc'><strong>37</strong></span> <span class='ocrx_word' id='word_1_88' title='bbox 700 1903 709 1962; x_wconf 90' lang='grc'><strong>5</strong></span> <span class='ocrx_word' id='word_1_89' title='bbox 735 1881 917 1944; x_wconf 85' lang='lat' dir='ltr'><strong>hambiesse</strong></span> <span class='ocrx_word' id='word_1_90' title='bbox 939 1880 1134 1953; x_wconf 81' lang='lat' dir='ltr'><strong>(humilitas)</strong></span> <span class='ocrx_word' id='word_1_91' title='bbox 1159 1877 1184 1938; x_wconf 83' lang='lat'><strong>1.</strong></span> <span class='ocrx_word' id='word_1_92' title='bbox 1198 1879 1228 1951; x_wconf 68' lang='lat'><strong>2,</strong></span> <span class='ocrx_word' id='word_1_93' title='bbox 1241 1875 1302 1962; x_wconf 76' lang='lat'><strong>21,-</strong></span> 
     </span>
     <span class='ocr_line' id='line_1_13' title="bbox 128 1980 1297 2066; baseline -0.014 -8"><span class='ocrx_word' id='word_1_94' title='bbox 128 2047 135 2058; x_wconf 86' lang='lat'><em>.</em></span> <span class='ocrx_word' id='word_1_95' title='bbox 197 1994 346 2052; x_wconf 81' lang='lat' dir='ltr'><strong>eovetise</strong></span> <span class='ocrx_word' id='word_1_96' title='bbox 368 1992 542 2066; x_wconf 80' lang='lat' dir='ltr'><strong>(aviditas)</strong></span> <span class='ocrx_word' id='word_1_97' title='bbox 568 1993 593 2054; x_wconf 85' lang='grc'><strong>1.</strong></span> <span class='ocrx_word' id='word_1_98' title='bbox 616 1990 645 2052; x_wconf 92' lang='grc'><strong>4.</strong></span> <span class='ocrx_word' id='word_1_99' title='bbox 666 1991 724 2065; x_wconf 75' lang='lat'><strong>293</strong></span> <span class='ocrx_word' id='word_1_100' title='bbox 749 1989 857 2051; x_wconf 87' lang='lat' dir='ltr'><strong>riotise</strong></span> <span class='ocrx_word' id='word_1_101' title='bbox 869 1986 1146 2066; x_wconf 79' lang='lat' dir='ltr'><strong>(intemperantia)</strong></span> <span class='ocrx_word' id='word_1_102' title='bbox 1165 1983 1230 2046; x_wconf 85' lang='grc'><strong>1.5.</strong></span> <span class='ocrx_word' id='word_1_103' title='bbox 1239 1980 1297 2062; x_wconf 64' lang='grc'><strong>465</strong></span> 
     </span>
     <span class='ocr_line' id='line_1_14' title="bbox 200 2090 1302 2179; baseline -0.009 -18"><span class='ocrx_word' id='word_1_104' title='bbox 200 2097 352 2179; x_wconf 85' lang='lat' dir='ltr'><strong>lnstyiied</strong></span> <span class='ocrx_word' id='word_1_105' title='bbox 375 2098 561 2179; x_wconf 82' lang='lat' dir='ltr'><strong>(gaudium)</strong></span> <span class='ocrx_word' id='word_1_106' title='bbox 590 2096 698 2168; x_wconf 63' lang='lat' dir='ltr'><strong>aa&amp;</strong></span> <span class='ocrx_word' id='word_1_107' title='bbox 721 2094 905 2175; x_wconf 79' lang='lat' dir='ltr'><strong>dronsyhed</strong></span> <span class='ocrx_word' id='word_1_108' title='bbox 929 2094 1174 2167; x_wconf 80' lang='lat' dir='ltr'><strong>(somnolentia)</strong></span> <span class='ocrx_word' id='word_1_109' title='bbox 1188 2090 1302 2169; x_wconf 76' lang='lat'><strong>1.2.7;</strong></span> 
     </span>
     <span class='ocr_line' id='line_1_15' title="bbox 199 2200 1299 2289; baseline -0.004 -22"><span class='ocrx_word' id='word_1_110' title='bbox 199 2205 382 2286; x_wconf 85' lang='lat' dir='ltr'><strong>bnuntyhed</strong></span> <span class='ocrx_word' id='word_1_111' title='bbox 405 2206 619 2289; x_wconf 76' lang='lat' dir='ltr'><strong>(benignitas)</strong></span> <span class='ocrx_word' id='word_1_112' title='bbox 646 2204 675 2269; x_wconf 92' lang='grc'><strong>3.</strong></span> <span class='ocrx_word' id='word_1_113' title='bbox 697 2203 727 2269; x_wconf 90' lang='grc'><strong>3.</strong></span> <span class='ocrx_word' id='word_1_114' title='bbox 750 2204 806 2283; x_wconf 85' lang='grc'><strong>475</strong></span> <span class='ocrx_word' id='word_1_115' title='bbox 835 2201 1059 2266; x_wconf 81' lang='lat' dir='ltr'><strong>meisterdome</strong></span> <span class='ocrx_word' id='word_1_116' title='bbox 1091 2200 1299 2275; x_wconf 78' lang='lat' dir='ltr'><strong>(dominatio)</strong></span> 
     </span>
     <span class='ocr_line' id='line_1_16' title="bbox 199 2312 353 2375; baseline 0 -1"><span class='ocrx_word' id='word_1_117' title='bbox 199 2313 229 2374; x_wconf 94' lang='grc'><strong>4.</strong></span> <span class='ocrx_word' id='word_1_118' title='bbox 254 2312 281 2374; x_wconf 87' lang='grc'><strong>1.</strong></span> <span class='ocrx_word' id='word_1_119' title='bbox 302 2314 353 2375; x_wconf 86' lang='grc'><strong>46.</strong></span> 
     </span>
    </p>

    <p class='ocr_par' dir='ltr' id='par_1_4' title="bbox 198 2413 1302 2828">
     <span class='ocr_line' id='line_1_17' title="bbox 281 2413 1301 2502; baseline -0.009 -17"><span class='ocrx_word' id='word_1_120' title='bbox 281 2425 454 2502; x_wconf 74' lang='lat' dir='ltr'><strong>Praesiaoe</strong></span> <span class='ocrx_word' id='word_1_121' title='bbox 475 2422 524 2485; x_wconf 79' lang='lat' dir='ltr'><strong>sor</strong></span> <span class='ocrx_word' id='word_1_122' title='bbox 545 2422 563 2501; x_wconf 89' lang='lat'><strong>(</strong></span> <span class='ocrx_word' id='word_1_123' title='bbox 581 2422 635 2501; x_wconf 84' lang='lat' dir='ltr'><strong>or)</strong></span> <span class='ocrx_word' id='word_1_124' title='bbox 666 2432 699 2486; x_wconf 90' lang='lat' dir='ltr'><strong>et</strong></span> <span class='ocrx_word' id='word_1_125' title='bbox 727 2430 760 2484; x_wconf 94' lang='lat' dir='ltr'><strong>to</strong></span> <span class='ocrx_word' id='word_1_126' title='bbox 780 2419 870 2502; x_wconf 86' lang='lat' dir='ltr'><strong>(to),</strong></span> <span class='ocrx_word' id='word_1_127' title='bbox 898 2437 981 2501; x_wconf 85' lang='lat' dir='ltr'><strong>qnae</strong></span> <span class='ocrx_word' id='word_1_128' title='bbox 1008 2413 1212 2480; x_wconf 72' lang='lat' dir='ltr'><strong>Germanus</strong></span> <span class='ocrx_word' id='word_1_129' title='bbox 1234 2436 1301 2497; x_wconf 70' lang='grc' dir='ltr'><strong>νιν,</strong></span> 
     </span>
     <span class='ocr_line' id='line_1_18' title="bbox 198 2523 1302 2611; baseline -0.009 -18"><span class='ocrx_word' id='word_1_130' title='bbox 198 2551 255 2593; x_wconf 75' lang='lat' dir='ltr'><strong>zer</strong></span> <span class='ocrx_word' id='word_1_131' title='bbox 277 2529 486 2611; x_wconf 82' lang='lat' dir='ltr'><strong>respondent:</strong></span> <span class='ocrx_word' id='word_1_132' title='bbox 508 2532 699 2595; x_wconf 72' lang='lat' dir='ltr'><strong>(oswearied</strong></span> <span class='ocrx_word' id='word_1_133' title='bbox 714 2531 902 2611; x_wconf 68' lang='lat' dir='ltr'><strong>(fatigatus)</strong></span> <span class='ocrx_word' id='word_1_134' title='bbox 919 2528 946 2590; x_wconf 87' lang='grc'><strong>1.</strong></span> <span class='ocrx_word' id='word_1_135' title='bbox 963 2525 1059 2604; x_wconf 77' lang='lat' dir='ltr'><strong>1.os;</strong></span> <span class='ocrx_word' id='word_1_136' title='bbox 1081 2523 1302 2606; x_wconf 78' lang='lat' dir='ltr'><strong>tarwandring</strong></span> 
     </span>
     <span class='ocr_line' id='line_1_19' title="bbox 201 2629 1302 2718; baseline -0.005 -18"><span class='ocrx_word' id='word_1_137' title='bbox 201 2644 343 2712; x_wconf 74' lang='lat' dir='ltr'><strong>(erratis)</strong></span> <span class='ocrx_word' id='word_1_138' title='bbox 377 2638 403 2704; x_wconf 84' lang='lat'><strong>1.</strong></span> <span class='ocrx_word' id='word_1_139' title='bbox 433 2640 464 2704; x_wconf 93' lang='grc'><strong>6.</strong></span> <span class='ocrx_word' id='word_1_140' title='bbox 493 2638 549 2718; x_wconf 86' lang='grc'><strong>345</strong></span> <span class='ocrx_word' id='word_1_141' title='bbox 584 2639 744 2701; x_wconf 70' lang='lat' dir='ltr'><strong>{arnume</strong></span> <span class='ocrx_word' id='word_1_142' title='bbox 774 2636 940 2713; x_wconf 77' lang='lat' dir='ltr'><strong>(detritos)</strong></span> <span class='ocrx_word' id='word_1_143' title='bbox 971 2635 998 2697; x_wconf 90' lang='grc'><strong>1.</strong></span> <span class='ocrx_word' id='word_1_144' title='bbox 1022 2635 1054 2697; x_wconf 87' lang='grc'><strong>6.</strong></span> <span class='ocrx_word' id='word_1_145' title='bbox 1083 2629 1142 2712; x_wconf 79' lang='grc'><strong>355</strong></span> <span class='ocrx_word' id='word_1_146' title='bbox 1175 2631 1302 2695; x_wconf 78' lang='lat' dir='ltr'><strong>forhent</strong></span> 
     </span>
     <span class='ocr_line' id='line_1_20' title="bbox 199 2740 1301 2828; baseline -0.008 -20"><span class='ocrx_word' id='word_1_147' title='bbox 199 2748 344 2828; x_wconf 83' lang='lat' dir='ltr'><strong>(raptus)</strong></span> <span class='ocrx_word' id='word_1_148' title='bbox 366 2745 395 2808; x_wconf 92' lang='grc'><strong>3.</strong></span> <span class='ocrx_word' id='word_1_149' title='bbox 420 2747 449 2809; x_wconf 94' lang='grc'><strong>4.</strong></span> <span class='ocrx_word' id='word_1_150' title='bbox 463 2747 520 2828; x_wconf 86' lang='grc'><strong>495</strong></span> <span class='ocrx_word' id='word_1_151' title='bbox 541 2747 656 2809; x_wconf 80' lang='lat' dir='ltr'><strong>(orient</strong></span> <span class='ocrx_word' id='word_1_152' title='bbox 679 2744 865 2821; x_wconf 75' lang='lat' dir='ltr'><strong>(eonditum)</strong></span> <span class='ocrx_word' id='word_1_153' title='bbox 885 2743 957 2808; x_wconf 81' lang='grc'><strong>34.</strong></span> <span class='ocrx_word' id='word_1_154' title='bbox 969 2742 1028 2824; x_wconf 83' lang='grc'><strong>475</strong></span> <span class='ocrx_word' id='word_1_155' title='bbox 1050 2749 1176 2804; x_wconf 84' lang='lat' dir='ltr'><strong>to-rent</strong></span> <span class='ocrx_word' id='word_1_156' title='bbox 1198 2740 1301 2816; x_wconf 86' lang='lat' dir='ltr'><strong>(sois-</strong></span> 
     </span>
    </p>
   </div>
   <div class='ocr_carea' id='block_1_3' title="bbox 158 2855 1332 4111">
    <p class='ocr_par' dir='ltr' id='par_1_5' title="bbox 158 2855 1332 4111">
     <span class='ocr_line' id='line_1_21' title="bbox 201 2855 430 2928; baseline 0.022 -14"><span class='ocrx_word' id='word_1_157' title='bbox 201 2860 274 2928; x_wconf 91' lang='lat' dir='ltr'><strong>sus)</strong></span> <span class='ocrx_word' id='word_1_158' title='bbox 297 2855 325 2915; x_wconf 84' lang='lat'><strong>5.</strong></span> <span class='ocrx_word' id='word_1_159' title='bbox 348 2855 377 2916; x_wconf 87' lang='grc'><strong>8.</strong></span> <span class='ocrx_word' id='word_1_160' title='bbox 400 2856 430 2919; x_wconf 91' lang='grc'><strong>4.</strong></span> 
     </span>
     <span class='ocr_line' id='line_1_22' title="bbox 158 2934 1302 3042; baseline -0.008 -21"><span class='ocrx_word' id='word_1_161' title='bbox 158 3032 170 3042; x_wconf 26' lang='grc'><strong>5</strong></span> <span class='ocrx_word' id='word_1_162' title='bbox 284 2957 487 3020; x_wconf 78' lang='lat' dir='ltr'><strong>conserenda</strong></span> <span class='ocrx_word' id='word_1_163' title='bbox 509 2966 585 3019; x_wconf 85' lang='lat' dir='ltr'><strong>sunt</strong></span> <span class='ocrx_word' id='word_1_164' title='bbox 607 2965 774 3038; x_wconf 84' lang='lat' dir='ltr'><strong>praeterea</strong></span> <span class='ocrx_word' id='word_1_165' title='bbox 795 2955 877 3018; x_wconf 81' lang='lat' dir='ltr'><strong>haee</strong></span> <span class='ocrx_word' id='word_1_166' title='bbox 897 2934 1016 3018; x_wconf 64' lang='lat' dir='ltr'><strong>verba}</strong></span> <span class='ocrx_word' id='word_1_167' title='bbox 1038 2953 1209 3017; x_wconf 79' lang='lat' dir='ltr'><strong>doeriment</strong></span> <span class='ocrx_word' id='word_1_168' title='bbox 1226 2954 1302 3026; x_wconf 83' lang='lat' dir='ltr'><strong>(tri-</strong></span> 
     </span>
     <span class='ocr_line' id='line_1_23' title="bbox 201 3061 1303 3146; baseline -0.005 -20"><span class='ocrx_word' id='word_1_169' title='bbox 201 3065 303 3135; x_wconf 87' lang='lat' dir='ltr'><strong>stitia)</strong></span> <span class='ocrx_word' id='word_1_170' title='bbox 328 3065 355 3124; x_wconf 85' lang='lat' dir='ltr'><strong>i.</strong></span> <span class='ocrx_word' id='word_1_171' title='bbox 376 3064 406 3125; x_wconf 91' lang='grc'><strong>8.</strong></span> <span class='ocrx_word' id='word_1_172' title='bbox 426 3065 462 3141; x_wconf 90' lang='grc'><strong>85</strong></span> <span class='ocrx_word' id='word_1_173' title='bbox 484 3061 607 3146; x_wconf 79' lang='lat' dir='ltr'><strong>grieffut</strong></span> <span class='ocrx_word' id='word_1_174' title='bbox 630 3065 761 3137; x_wconf 85' lang='lat' dir='ltr'><strong>(tristis)</strong></span> <span class='ocrx_word' id='word_1_175' title='bbox 781 3063 811 3124; x_wconf 91' lang='grc'><strong>6.</strong></span> <span class='ocrx_word' id='word_1_176' title='bbox 826 3064 856 3125; x_wconf 92' lang='grc'><strong>8.</strong></span> <span class='ocrx_word' id='word_1_177' title='bbox 869 3064 930 3145; x_wconf 85' lang='grc'><strong>405</strong></span> <span class='ocrx_word' id='word_1_178' title='bbox 951 3063 1094 3126; x_wconf 84' lang='lat' dir='ltr'><strong>hurtiess</strong></span> <span class='ocrx_word' id='word_1_179' title='bbox 1115 3064 1303 3138; x_wconf 81' lang='lat' dir='ltr'><strong>(innocens)</strong></span> 
     </span>
     <span class='ocr_line' id='line_1_24' title="bbox 205 3167 1305 3253; baseline -0.003 -20"><span class='ocrx_word' id='word_1_180' title='bbox 205 3172 232 3233; x_wconf 86' lang='lat'><strong>1.</strong></span> <span class='ocrx_word' id='word_1_181' title='bbox 253 3171 282 3232; x_wconf 92' lang='grc'><strong>6.</strong></span> <span class='ocrx_word' id='word_1_182' title='bbox 304 3167 362 3249; x_wconf 86' lang='grc'><strong>315</strong></span> <span class='ocrx_word' id='word_1_183' title='bbox 396 3178 428 3232; x_wconf 86' lang='lat' dir='ltr'><strong>et</strong></span> <span class='ocrx_word' id='word_1_184' title='bbox 448 3172 546 3233; x_wconf 65' lang='lat' dir='ltr'><strong>isaeo:</strong></span> <span class='ocrx_word' id='word_1_185' title='bbox 579 3168 901 3243; x_wconf 82' lang='lat' dir='ltr'><strong>ontweii(eff1nere)</strong></span> <span class='ocrx_word' id='word_1_186' title='bbox 931 3169 1090 3249; x_wconf 77' lang='grc'><strong>1.1.215</strong></span> <span class='ocrx_word' id='word_1_187' title='bbox 1125 3170 1305 3253; x_wconf 78' lang='lat' dir='ltr'><strong>npbrought</strong></span> 
     </span>
     <span class='ocr_line' id='line_1_25' title="bbox 200 3278 1302 3363; baseline 0 -23"><span class='ocrx_word' id='word_1_188' title='bbox 200 3278 394 3358; x_wconf 79' lang='lat' dir='ltr'><strong>(educatus)</strong></span> <span class='ocrx_word' id='word_1_189' title='bbox 420 3278 445 3345; x_wconf 88' lang='grc'><strong>1,</strong></span> <span class='ocrx_word' id='word_1_190' title='bbox 461 3278 509 3341; x_wconf 86' lang='lat'><strong>10.</strong></span> <span class='ocrx_word' id='word_1_191' title='bbox 523 3280 561 3358; x_wconf 90' lang='grc'><strong>45</strong></span> <span class='ocrx_word' id='word_1_192' title='bbox 586 3297 702 3361; x_wconf 81' lang='lat' dir='ltr'><strong>nprose</strong></span> <span class='ocrx_word' id='word_1_193' title='bbox 721 3280 900 3360; x_wconf 83' lang='lat' dir='ltr'><strong>(surrexit.)</strong></span> <span class='ocrx_word' id='word_1_194' title='bbox 924 3291 957 3344; x_wconf 86' lang='lat' dir='ltr'><strong>et</strong></span> <span class='ocrx_word' id='word_1_195' title='bbox 977 3281 1129 3345; x_wconf 82' lang='lat' dir='ltr'><strong>outtonnd</strong></span> <span class='ocrx_word' id='word_1_196' title='bbox 1143 3279 1302 3363; x_wconf 75' lang='lat' dir='ltr'><strong>(invenio)</strong></span> 
     </span>
     <span class='ocr_line' id='line_1_26' title="bbox 206 3384 634 3449; baseline 0.007 -3"><span class='ocrx_word' id='word_1_197' title='bbox 206 3385 231 3449; x_wconf 87' lang='grc'><strong>1.</strong></span> <span class='ocrx_word' id='word_1_198' title='bbox 258 3384 356 3449; x_wconf 61' lang='grc'><strong>133</strong></span> <span class='ocrx_word' id='word_1_199' title='bbox 629 3396 634 3403; x_wconf 87' lang='grc'><strong>’</strong></span> 
     </span>
     <span class='ocr_line' id='line_1_27' title="bbox 283 3491 1332 3576; baseline 0.003 -23"><span class='ocrx_word' id='word_1_200' title='bbox 283 3495 319 3554; x_wconf 90' lang='lat' dir='ltr'><strong>ln</strong></span> <span class='ocrx_word' id='word_1_201' title='bbox 342 3491 530 3572; x_wconf 82' lang='lat' dir='ltr'><strong>quibusdam</strong></span> <span class='ocrx_word' id='word_1_202' title='bbox 558 3493 692 3556; x_wconf 80' lang='lat' dir='ltr'><strong>vocibus</strong></span> <span class='ocrx_word' id='word_1_203' title='bbox 724 3503 829 3555; x_wconf 88' lang='lat' dir='ltr'><strong>tamen</strong></span> <span class='ocrx_word' id='word_1_204' title='bbox 857 3492 983 3556; x_wconf 84' lang='lat' dir='ltr'><strong>videtui·</strong></span> <span class='ocrx_word' id='word_1_205' title='bbox 1003 3494 1118 3576; x_wconf 50' lang='lat' dir='ltr'><strong>¹lingona</strong></span> <span class='ocrx_word' id='word_1_206' title='bbox 1145 3496 1332 3570; x_wconf 73' lang='lat' dir='ltr'><strong>recentior,</strong></span> 
     </span>
     <span class='ocr_line' id='line_1_28' title="bbox 201 3600 1303 3683; baseline 0.002 -21"><span class='ocrx_word' id='word_1_207' title='bbox 201 3600 232 3662; x_wconf 91' lang='lat' dir='ltr'><strong>in</strong></span> <span class='ocrx_word' id='word_1_208' title='bbox 255 3616 315 3661; x_wconf 85' lang='lat' dir='ltr'><strong>usn</strong></span> <span class='ocrx_word' id='word_1_209' title='bbox 339 3600 550 3681; x_wconf 76' lang='lat' dir='ltr'><strong>praefixorum</strong></span> <span class='ocrx_word' id='word_1_210' title='bbox 571 3601 610 3662; x_wconf 85' lang='lat' dir='ltr'><strong>ab</strong></span> <span class='ocrx_word' id='word_1_211' title='bbox 630 3603 798 3683; x_wconf 81' lang='lat' dir='ltr'><strong>antiquiori</strong></span> <span class='ocrx_word' id='word_1_212' title='bbox 819 3604 922 3665; x_wconf 74' lang='lat' dir='ltr'><strong>foruna</strong></span> <span class='ocrx_word' id='word_1_213' title='bbox 944 3604 1046 3665; x_wconf 89' lang='lat' dir='ltr'><strong>minus</strong></span> <span class='ocrx_word' id='word_1_214' title='bbox 1071 3604 1166 3683; x_wconf 77' lang='lat' dir='ltr'><strong>iunge</strong></span> <span class='ocrx_word' id='word_1_215' title='bbox 1182 3601 1303 3664; x_wconf 83' lang='lat' dir='ltr'><strong>distare</strong></span> 
     </span>
     <span class='ocr_line' id='line_1_29' title="bbox 202 3711 1302 3794; baseline 0.003 -23"><span class='ocrx_word' id='word_1_216' title='bbox 202 3729 296 3793; x_wconf 86' lang='lat' dir='ltr'><strong>quam</strong></span> <span class='ocrx_word' id='word_1_217' title='bbox 319 3711 548 3792; x_wconf 84' lang='lat' dir='ltr'><strong>Spenseriana,</strong></span> <span class='ocrx_word' id='word_1_218' title='bbox 570 3716 758 3791; x_wconf 80' lang='lat' dir='ltr'><strong>praesertim</strong></span> <span class='ocrx_word' id='word_1_219' title='bbox 790 3713 819 3775; x_wconf 89' lang='lat' dir='ltr'><strong>io</strong></span> <span class='ocrx_word' id='word_1_220' title='bbox 842 3714 882 3775; x_wconf 88' lang='lat' dir='ltr'><strong>iis</strong></span> <span class='ocrx_word' id='word_1_221' title='bbox 904 3714 1056 3787; x_wconf 79' lang='lat' dir='ltr'><strong>vocibus,</strong></span> <span class='ocrx_word' id='word_1_222' title='bbox 1088 3731 1208 3794; x_wconf 84' lang='lat' dir='ltr'><strong>quaes</strong></span> <span class='ocrx_word' id='word_1_223' title='bbox 1231 3731 1302 3774; x_wconf 87' lang='lat' dir='ltr'><strong>eum</strong></span> 
     </span>
     <span class='ocr_line' id='line_1_30' title="bbox 204 3814 1304 3900; baseline 0.001 -21"><span class='ocrx_word' id='word_1_224' title='bbox 204 3816 267 3879; x_wconf 82' lang='lat' dir='ltr'><strong>alia</strong></span> <span class='ocrx_word' id='word_1_225' title='bbox 288 3816 476 3878; x_wconf 73' lang='lat' dir='ltr'><strong>consonanti</strong></span> <span class='ocrx_word' id='word_1_226' title='bbox 499 3816 531 3877; x_wconf 90' lang='lat' dir='ltr'><strong>in</strong></span> <span class='ocrx_word' id='word_1_227' title='bbox 560 3814 622 3878; x_wconf 81' lang='lat' dir='ltr'><strong>fine</strong></span> <span class='ocrx_word' id='word_1_228' title='bbox 650 3817 769 3898; x_wconf 80' lang='lat' dir='ltr'><strong>primae</strong></span> <span class='ocrx_word' id='word_1_229' title='bbox 798 3817 942 3898; x_wconf 74' lang='lat' dir='ltr'><strong>syllabae</strong></span> <span class='ocrx_word' id='word_1_230' title='bbox 971 3818 1189 3900; x_wconf 79' lang='lat' dir='ltr'><strong>coniungunt,</strong></span> <span class='ocrx_word' id='word_1_231' title='bbox 1219 3826 1253 3879; x_wconf 90' lang='lat' dir='ltr'><strong>at</strong></span> <span class='ocrx_word' id='word_1_232' title='bbox 1272 3818 1304 3880; x_wconf 90' lang='lat' dir='ltr'><strong>in</strong></span> 
     </span>
     <span class='ocr_line' id='line_1_31' title="bbox 202 3920 1305 4005; baseline 0.002 -22"><span class='ocrx_word' id='word_1_233' title='bbox 202 3922 251 3983; x_wconf 80' lang='lat' dir='ltr'><strong>tiis</strong></span> <span class='ocrx_word' id='word_1_234' title='bbox 278 3923 451 4002; x_wconf 84' lang='lat' dir='ltr'><strong>exemptis:</strong></span> <span class='ocrx_word' id='word_1_235' title='bbox 480 3920 636 4005; x_wconf 77' lang='lat' dir='ltr'><strong>sdeigoed</strong></span> <span class='ocrx_word' id='word_1_236' title='bbox 666 3942 722 4003; x_wconf 84' lang='lat' dir='ltr'><strong>pro</strong></span> <span class='ocrx_word' id='word_1_237' title='bbox 753 3923 918 3986; x_wconf 84' lang='lat' dir='ltr'><strong>disdained</strong></span> <span class='ocrx_word' id='word_1_238' title='bbox 941 3922 988 4000; x_wconf 83' lang='grc'><strong>(3</strong></span> <span class='ocrx_word' id='word_1_239' title='bbox 1015 3923 1045 3984; x_wconf 79' lang='lat'><strong>2.</strong></span> <span class='ocrx_word' id='word_1_240' title='bbox 1066 3925 1145 4003; x_wconf 81' lang='lat'>40);</span> <span class='ocrx_word' id='word_1_241' title='bbox 1170 3921 1305 4003; x_wconf 84' lang='lat' dir='ltr'><strong>spersed</strong></span> 
     </span>
     <span class='ocr_line' id='line_1_32' title="bbox 209 4027 1305 4111; baseline 0.004 -21"><span class='ocrx_word' id='word_1_242' title='bbox 209 4027 414 4110; x_wconf 69' lang='lat' dir='ltr'><strong>(dispenset)</strong></span> <span class='ocrx_word' id='word_1_243' title='bbox 432 4030 458 4095; x_wconf 85' lang='lat' dir='ltr'><strong>t.</strong></span> <span class='ocrx_word' id='word_1_244' title='bbox 475 4031 501 4091; x_wconf 88' lang='lat'><strong>1.</strong></span> <span class='ocrx_word' id='word_1_245' title='bbox 516 4028 558 4093; x_wconf 76' lang='grc'><strong>36</strong></span> <span class='ocrx_word' id='word_1_246' title='bbox 564 4046 573 4109; x_wconf 89' lang='grc'><strong>5</strong></span> <span class='ocrx_word' id='word_1_247' title='bbox 593 4038 687 4111; x_wconf 78' lang='lat' dir='ltr'><strong>soant</strong></span> <span class='ocrx_word' id='word_1_248' title='bbox 707 4029 883 4111; x_wconf 79' lang='lat' dir='ltr'><strong>(esaaped)</strong></span> <span class='ocrx_word' id='word_1_249' title='bbox 897 4033 923 4092; x_wconf 93' lang='grc'><strong>1.</strong></span> <span class='ocrx_word' id='word_1_250' title='bbox 938 4030 968 4092; x_wconf 82' lang='grc'><strong>9.</strong></span> <span class='ocrx_word' id='word_1_251' title='bbox 981 4029 1041 4106; x_wconf 72' lang='grc'><strong>285</strong></span> <span class='ocrx_word' id='word_1_252' title='bbox 1064 4032 1105 4092; x_wconf 81' lang='lat' dir='ltr'><strong>oo.</strong></span> <span class='ocrx_word' id='word_1_253' title='bbox 1128 4038 1305 4110; x_wconf 78' lang='lat' dir='ltr'><strong>praeterea:</strong></span> 
     </span>
    </p>
   </div>
   <div class='ocr_carea' id='block_1_4' title="bbox 0 0 1484 4514">
    <p class='ocr_par' dir='ltr' id='par_1_6' title="bbox 0 0 1484 4514">
     <span class='ocr_line' id='line_1_33' title="bbox 0 0 1484 4514; baseline 0 0"><span class='ocrx_word' id='word_1_254' title='bbox 0 0 1484 4514; x_wconf 95' lang='lat' dir='ltr'><strong> </strong></span> 
     </span>
    </p>
   </div>
  </div>
 </body>
</html>
