2940 4514
511 272 801 371 .-⁴-

163 505 305 583 tepeant
327 501 389 561 vol.
414 498 441 558 l.
463 516 492 577 p.
521 498 579 559 l28
599 514 666 576 seq.
689 528 721 538 ··
749 497 882 568 nllannc
913 491 964 553 bie
991 491 1053 554 mid
1083 491 1159 553 here
1180 493 1257 554 wise

164 610 252 672 word
275 606 427 669 turnedeu
449 623 581 668 mannes
604 604 692 664 berte
715 604 792 664 lrarn
809 596 1128 673 corbettctropantns
1144 608 1176 660 to
1199 599 1260 660 be-

164 721 311 786 venliche
333 722 446 795 lioolre
467 763 474 779 .
498 762 505 778 .
528 763 535 778 .
561 763 568 778 .
592 719 671 779 irorn
694 717 756 778 elle
779 716 862 776 ivelc
887 717 988 776 lustes
1011 724 1044 774 to
1066 716 1161 776 loven
1184 710 1258 774 God

165 828 225 891 and
249 830 346 891 lieren
371 829 507 890 bima-
534 829 590 889 ie.
615 858 654 870 —
670 824 751 887 Cum
777 845 832 905 per
854 824 984 904 sapiens
1006 825 1138 885 verbum
1160 841 1259 884 aver·

165 947 269 1001 terent
293 938 428 999 bominis
456 945 607 1015 peetusa
630 934 874 1014 cogitationibus
895 933 1099 995 terrestribus
1120 932 1162 994 ad
1184 950 1260 995 coe·

165 1045 289 1107 lostiam
312 1043 537 1125 cogitationem
559 1089 566 1102 .
591 1090 597 1104 .
620 1090 626 1103 .
649 1061 668 1101 a
692 1041 782 1101 malis
818 1039 962 1100 omnibus
991 1038 1189 1116 cupidinibus
1218 1036 1260 1100 ad

164 1152 223 1214 Dei
244 1168 384 1211 amorem
408 1149 672 1228 obetientiomque
693 1179 731 1191 -
756 1147 805 1207 Ex
827 1147 889 1208 boo
910 1148 1056 1226 exemplo
1083 1147 1259 1228 cognosci·

165 1275 246 1333 mus,
268 1260 329 1321 iam
352 1266 427 1320 tunc
448 1259 547 1316 solam
565 1256 698 1319 litteram
721 1276 740 1318 e
762 1256 959 1336 superfuisse
974 1274 1016 1315 ex
1030 1254 1283 1317 adiectivcrum-

164 1364 387 1441 declinatione,
410 1372 440 1424 et
461 1363 604 1424 dativum
626 1365 745 1426 numeri
767 1363 895 1442 pluralis
915 1363 944 1422 in
965 1361 1087 1423 flexura
1106 1361 1261 1423 substan-

163 1472 302 1533 tivorum
331 1490 401 1532 eom
432 1471 492 1531 iam
525 1481 652 1531 nactum
683 1488 759 1531 esse
788 1473 1040 1532 terminationem
1063 1488 1144 1551 quae
1165 1479 1261 1531 antea

164 1580 266 1642 solius
286 1578 469 1641 nominativi
493 1580 617 1659 propria
640 1578 753 1657 fuerat,
777 1578 847 1639 dico
872 1578 1005 1639 litteram
1028 1597 1056 1639 s.

247 1692 281 1751 lo
304 1688 429 1752 Gallica
451 1707 578 1770 quoque
600 1689 706 1770 lingua
728 1696 759 1748 ot
783 1688 812 1746 in
835 1688 904 1748 aliis
921 1686 1101 1749 Romaoicis
1113 1685 1262 1748 dialectis

165 1818 227 1860 non
249 1797 353 1859 minus
368 1798 566 1877 perspicuum
583 1805 646 1873 est,
669 1803 823 1857 accentus
836 1795 867 1855 vi
885 1794 1033 1855 breviora
1048 1791 1137 1854 reddi
1150 1793 1262 1854 verba.

167 1911 214 1971 lta
242 1907 323 1968 enim
352 1907 471 1970 laetum
499 1915 550 1969 est
580 1914 615 1967 nt
638 1906 813 1987 permultae
835 1915 1048 1967 consonantes
1071 1905 1195 1969 litterae
1219 1923 1261 1967 ex

165 2016 204 2077 iis
224 2014 369 2097 syllabis,
391 2032 476 2096 qnae
497 2022 633 2075 accentu
657 2021 834 2092 carnerunt,
857 2011 1045 2075 exciderent
1057 2014 1162 2076 autad
1175 2015 1262 2095 prin·

166 2122 298 2204 cipalom
323 2123 415 2184 vocis
427 2123 595 2203 syllabam,
618 2141 702 2204 qnae
719 2134 854 2187 occentu
867 2123 1016 2188 distincta
1029 2134 1108 2204 erat,
1131 2127 1261 2206 propius

166 2227 366 2291 accederent.
416 2228 490 2307 Qua
518 2229 639 2291 ratione
665 2251 684 2292 e
713 2230 819 2291 latinis
850 2231 985 2292 vocibus
1009 2234 1266 2309 „mapiatrum,“

165 2339 427 2411 „socprrr'oem,“
455 2353 556 2397 voces
582 2333 729 2397 Gallicae
757 2337 885 2410 maltro,
918 2357 1001 2414 aanp
1033 2337 1141 2401 laetae
1175 2350 1260 2417 sunt,

167 2448 201 2504 et
229 2458 291 2501 non
323 2459 393 2502 raro
408 2484 418 2519 ,
449 2442 557 2504 ultima
585 2442 689 2503 Latini
717 2442 806 2504 verbi
835 2443 960 2525 syllaba
988 2446 1110 2525 eiecta,
1134 2445 1165 2505 in
1199 2444 1263 2506 floe

167 2547 261 2608 vocis
283 2548 363 2608 ictus
383 2549 506 2628 positus
530 2558 598 2626 est,
628 2562 663 2611 ut
692 2551 722 2612 io
753 2553 853 2614 verbo
885 2554 1007 2616 obeodl.
1058 2555 1261 2634 Saepissime

167 2665 272 2715 autem
296 2654 443 2734 plenioris
470 2655 697 2716 terminationis
724 2659 794 2720 sola
818 2660 921 2722 littera
942 2681 960 2720 e
980 2667 1148 2741 superest,
1180 2678 1262 2740 quae

167 2757 260 2820 bodie
282 2761 342 2821 nisi
371 2762 498 2840 poetica
531 2764 674 2827 oratione
703 2765 885 2845 plerumque
911 2785 973 2827 non
1001 2766 1146 2845 auditur,
1176 2774 1211 2826 ut
1232 2766 1261 2826 in

168 2865 276 2927 verbis
297 2886 451 2944 couroye,
473 2872 562 2928 nime.
606 2869 680 2929 Vim
700 2878 854 2930 trecentus
876 2870 907 2930 in
930 2869 1096 2932 verberum
1109 2870 1260 2933 Romani·

167 2990 274 3035 corum
297 2975 417 3035 formes
440 2971 606 3035 mutandos
629 2975 766 3036 maxime
787 2991 990 3055 cognosces,
1014 2978 1044 3038 si
1066 2977 1157 3059 leges
1180 2993 1261 3057 quas

167 3083 317 3156 Diearirs,
348 3079 491 3142 Grnmm.
513 3079 571 3140 ool.
595 3082 623 3141 1.
643 3102 675 3159 p.
698 3083 779 3144 123.
808 3085 958 3164 exposuit
986 3084 1150 3165 inspiciest
1182 3102 1263 3164 quae

169 3190 259 3271 leges
279 3185 403 3264 docent,
427 3188 456 3247 in
470 3188 507 3247 iis
521 3185 588 3248 iere
603 3189 678 3249 solis
690 3190 833 3268 syllabis,
857 3208 939 3270 quae
952 3199 1120 3252 accentum
1134 3190 1262 3268 babent,

168 3305 285 3358 certem
309 3293 512 3354 observatam
530 3312 605 3355 csse
617 3314 756 3357 normam
771 3297 799 3357 in
815 3295 985 3357 vocalibus
998 3294 1168 3376 mutandis,
1190 3312 1263 3356 enm

169 3409 364 3463 caeterarum
386 3399 580 3483 syllabarum
603 3402 791 3464 mutationes
814 3405 983 3463 maximam
1007 3421 1083 3482 prae
1105 3419 1143 3463 so
1160 3401 1265 3464 lerant

169 3510 334 3574 licentiam.
377 3511 427 3570 De
448 3511 518 3572 loeo
540 3507 674 3592 denique
695 3528 786 3591 quem
810 3518 897 3573 tenet
919 3519 1091 3590 accentus,
1118 3508 1181 3573 hoc
1202 3529 1263 3573 no-

170 3612 297 3675 tandum
320 3625 382 3696 est,
404 3631 506 3676 voces
529 3615 722 3679 Romanioas
744 3635 805 3678 noo
826 3617 857 3678 in
880 3615 988 3677 radice
1010 3617 1107 3677 ictum
1132 3635 1262 3696 ponere,

170 3719 200 3780 id
222 3718 303 3799 qnod
327 3718 540 3782 Germanicae
561 3720 700 3801 iaciunt,
722 3719 780 3784 sed
804 3722 910 3801 potius
930 3720 962 3783 in
983 3720 1043 3785 hae
1065 3740 1100 3782 re
1121 3722 1262 3803 linguam

170 3826 314 3887 Latinam
336 3828 434 3906 sequi.
823 3798 827 3813 '

253 3933 380 4014 Lingua
403 3934 550 4012 Anglica,
565 3950 661 4013 quae,
677 3950 865 4013 quamquam
885 3932 1001 4013 pariter
1011 3951 1053 3993 ex
1071 3931 1130 3993 illis
1141 3931 1263 3994 duabus

172 4044 287 4122 linguis
310 4049 380 4101 orta
403 4049 473 4118 est,
492 4045 598 4100 tameo
621 4038 1031 4118 Anglo-Sexooicae'dere
1051 4038 1150 4101 solius
1172 4039 1263 4121 leges
