2940 4514
681 337 867 401 ..a-

219 531 289 593 iere
317 545 443 607 semper
472 526 511 588 ad
548 526 720 586 relationes
757 520 927 583 verborum
962 510 1186 594 exprimendas
1220 516 1323 571 utatur

222 632 522 717 praepositionibus,
546 631 643 693 docet
661 628 885 693 Germanicam
906 641 1035 708 quoque
1056 622 1197 700 linguam
1220 615 1324 697 magis

224 743 393 823 magisque
413 741 561 802 amittere
580 739 705 819 copiam
727 736 877 798 llexuum.

306 848 415 911 Causa
438 846 532 906 huius
554 846 601 904 rai
621 844 652 906 in
674 849 809 906 accentu
831 837 958 902 videtur
979 835 1044 895 sita
1065 847 1142 892 esse
1154 873 1165 907 ‚
1198 827 1239 891 de
1262 845 1323 908 quo

222 958 359 1036 prlmum
382 952 551 1015 disseram.

647 1159 921 1175 W

625 1341 684 1403 DE
707 1337 934 1401 nccuNuU.

313 1620 379 1679 lam
412 1613 496 1697 apud
530 1614 770 1693 antiquissimos
803 1615 977 1691 scriptores
1008 1608 1332 1691 dogm-Saxonicos

229 1723 456 1803 observamus,
487 1740 556 1783 eam
588 1722 774 1801 plerumque
795 1718 953 1800 syllabam
975 1726 1109 1778 accentu
1133 1734 1207 1777 esse
1231 1735 1331 1796 prae·

229 1830 339 1912 ditam,
363 1849 458 1911 quom
481 1828 619 1890 radicem
641 1828 738 1889 totius
761 1826 850 1888 verbi
879 1823 1096 1904 nominamus,
1124 1822 1154 1885 id
1183 1821 1267 1904 quod
1301 1820 1331 1882 in

230 1944 337 2023 lingna
359 1958 485 2023 quoque
508 1937 701 2002 Germanica
732 1935 777 1999 lit.
828 1934 909 1997 Rem
937 1932 982 1994 ita
1011 1948 1087 1993 sese
1115 1930 1266 1991 habuisse
1287 1947 1330 1989 ex

232 2067 385 2109 versuum
400 2046 761 2127 dogio-Saxonicornm
776 2044 1014 2106 constructione
1027 2039 1166 2101 maxime
1181 2045 1331 2119 apparet3

232 2174 294 2236 qna
316 2153 356 2216 dc
379 2173 413 2214 re
436 2154 477 2215 cl.
490 2155 614 2228 Book,
637 2153 921 2232 Grammaroftlre
938 2151 1179 2228 Ampio-Saarna
1195 2151 1331 2226 ibnpue,

234 2261 415 2320 translated
435 2261 475 2338 by
501 2259 642 2335 Tdorpe,
665 2275 695 2337 p.
716 2256 780 2321 135
800 2274 868 2338 seq.
924 2256 1003 2318 lude
1033 2255 1181 2316 concludi
1216 2263 1333 2336 potest,
1359 2336 1363 2345 ι

232 2369 294 2430 iam
316 2367 445 2448 antiqno
467 2366 519 2427 illo
541 2376 684 2446 tempore
707 2372 739 2426 el
760 2364 997 2427 terminationes
1019 2362 1187 2423 verborum
1205 2370 1238 2423 et
1259 2362 1333 2442 syl·

232 2476 322 2538 lebas
343 2472 504 2556 praelixas
527 2474 672 2534 velocius
693 2481 726 2533 et
747 2475 854 2533 minus
876 2472 1001 2534 fortiter
1023 2488 1099 2533 esse
1113 2469 1333 2550 pronuntiatas

234 2600 328 2662 quam
352 2579 488 2642 radices.
529 2580 604 2641 Non
627 2580 721 2660 igitur
742 2577 914 2641 mirandum
937 2588 1006 2659 est,
1035 2576 1139 2659 quod,
1163 2587 1332 2658 postquam

236 2706 293 2766 per
316 2688 444 2767 longum
466 2687 619 2769 temporis
642 2688 778 2769 spatium
800 2692 883 2749 ornoi
906 2687 993 2748 cultu
1016 2686 1251 2767 caruitlingua,
1273 2683 1335 2745 ha-

235 2811 304 2853 rum
327 2794 536 2874 syllabarum,
569 2812 699 2874 quarum
728 2797 902 2855 omissione
923 2793 1014 2855 vocis
1037 2792 1122 2853 nolio
1144 2810 1206 2853 nou
1229 2798 1336 2853 muta·

236 2897 339 2979 batur,
363 2900 481 2960 multae
503 2901 649 2962 abiectae
671 2908 753 2960 sunt.
797 2901 838 2961 nt
859 2915 1046 2981 quamquam
1069 2917 1130 2958 oon
1145 2905 1247 2977 polest
1273 2895 1336 2957 du·

237 3002 340 3083 bituri,
354 3003 427 3082 quin
445 3006 627 3065 commixtio
640 3003 985 3065 duorumdiversorum
997 3004 1184 3083 populorum
1201 3002 1336 3066 alicuius

239 3110 335 3172 luerit
356 3113 505 3173 momenti
526 3111 566 3174 ad
588 3111 710 3191 copiam
734 3120 768 3173 et
790 3111 1020 3173 distinctionem
1036 3111 1206 3173 formarum
1230 3112 1335 3174 minu-

237 3214 368 3297 endam,
396 3217 449 3299 qui
473 3226 506 3279 ut
526 3235 603 3280 sese
626 3217 763 3280 invicem
792 3218 1002 3298 intelligerent
1023 3220 1161 3281 maxima
1183 3220 1338 3281 sermonis

238 3322 398 3385 brevitate
417 3329 467 3385 usi
488 3325 564 3404 siut,
587 3333 694 3386 tamon
714 3325 842 3387 maximi
863 3333 914 3387 ast
936 3327 1085 3387 momenti
1107 3326 1147 3388 ad
1170 3326 1253 3387 hano
1272 3344 1338 3387 rem

239 3431 459 3510 explicandam
481 3433 578 3513 ipsius
601 3433 727 3511 liuguae
742 3432 1056 3515 Angla-saxonicae
1077 3441 1200 3494 natura.
1244 3430 1338 3510 Quod

239 3537 301 3597 nisi
320 3536 364 3598 ita
386 3547 477 3598 esset
498 3537 657 3618 quomodo
681 3539 860 3620 intelligere
881 3555 1064 3618 possemus,
1086 3537 1170 3619 quod
1187 3538 1249 3600 iam
1265 3550 1341 3603 ante

241 3645 495 3705 coniunctionem
518 3643 647 3728 linguae
671 3644 817 3708 Gallicae
839 3663 910 3706 cum
925 3645 1031 3726 lingua
1046 3645 1340 3725 dogio-Saxonum

240 3748 411 3810 formarum
434 3751 525 3832 copia
547 3749 707 3814 deminuta
730 3762 792 3816 ast.
842 3755 890 3813 lta
912 3749 985 3825 {rem
1008 3770 1084 3813 seso
1106 3753 1224 3816 habere
1247 3757 1342 3836 plano

241 3857 375 3936 probant
406 3857 526 3937 scripta
558 3858 877 3940 Anglo-Saxoulca
909 3878 950 3919 ex
983 3859 1036 3919 illa
1066 3861 1192 3944 liuguae
1225 3870 1340 3924 aetate.

241 3961 430 4041 Exemplum
453 3961 552 4024 affero
575 3981 615 4024 cx
639 3963 765 4025 homilia
789 3982 871 4043 quae
893 3964 1020 4026 ineunte
1041 3969 1172 4028 saeculo
1196 3966 1342 4029 decimo-

244 4068 339 4129 tertio
360 4074 480 4149 scrlpta
503 4080 561 4130 est.
606 4070 690 4131 Vide
714 4072 1045 4149 WripldHullr'roell
1062 4077 1253 4152 „Reliquiae
1265 4075 1341 4135 An·
1440 4061 1451 4087 ⁶
