2940 4514
300 473 359 535 liii
382 470 537 538 erNrs
560 472 617 534 lar
641 470 776 536 80le
797 468 1103 534 hirundinum.

231 694 328 758 Nulla
351 696 413 760 alia
437 697 469 760 in
498 698 605 780 lingua
628 707 692 762 tarn
713 717 832 782 magna
856 706 909 761 est
931 697 1142 778 discrepantia
1164 700 1248 759 inter

160 802 243 883 rigna
266 812 299 864 et
318 822 417 866 sonos
439 806 612 868 litterarum
636 826 729 887 quam
751 809 781 869 io
805 808 912 890 lingua
938 806 1086 888 Anglioa.
1130 805 1248 884 Neque

147 907 231 971 bauo
253 909 498 992 discrepantiam
521 916 663 975 miraturi
682 931 794 975 sumna
815 914 1024 994 respicientes
1053 911 1093 974 ad
1119 911 1248 993 linguae

150 1015 244 1079 huius
267 1019 429 1100 originem.
453 1019 533 1082 Cum
558 1020 640 1083 euim
663 1041 705 1083 ex
729 1021 851 1084 duobus
876 1031 948 1085 orta
960 1025 1003 1084 sit
1015 1021 1143 1102 linguis,
1166 1039 1248 1101 quae

150 1144 246 1208 quam
274 1129 413 1190 maxime
442 1128 590 1192 diversas
612 1131 674 1192 bae
694 1131 724 1191 in
749 1151 785 1192 ro
805 1129 1022 1211 sequebantur
1043 1129 1151 1209 leges,
1177 1127 1249 1188 lieri

149 1251 211 1296 non
233 1236 349 1316 potuit,
379 1239 451 1320 quin
473 1237 560 1299 multi
584 1239 714 1300 alterius
737 1238 867 1319 linguae
888 1239 959 1299 soni
981 1236 1095 1297 litteris
1118 1235 1248 1296 alterius

148 1336 404 1423 designarentur,
425 1343 579 1405 etaltera
601 1361 642 1404 ex
664 1352 755 1423 parta
776 1343 871 1425 signa
886 1342 1017 1404 alterius
1031 1340 1248 1421 linguaepro·

152 1444 368 1507 nuntiarentur
391 1445 521 1508 alterius
543 1447 642 1510 sonis.

231 1555 297 1616 lam
320 1556 534 1635 quaerendum
556 1566 607 1618 est
629 1566 784 1639 quatenus
806 1565 972 1638 utramque
984 1555 1125 1635 linguam
1141 1555 1247 1635 lingua

148 1660 290 1744 Anglioa
319 1672 431 1726 secuta
458 1664 501 1726 eit
530 1672 562 1725 et
592 1664 622 1725 in
654 1665 757 1745 signis
786 1672 820 1724 at
837 1664 878 1724 »iu
908 1663 1168 1743 pronuntiatione.
1211 1661 1248 1726 si

150 1768 284 1847 primunr
305 1787 527 1852 comparamus
548 1775 643 1854 signa
658 1771 950 1853 Aegio-saxonica
966 1768 1153 1850 Gallieaque
1174 1786 1266 1831 oum·

152 1875 308 1958 Anglioie,
331 1883 559 1961 cognoscimus
580 1881 722 1963 linguam
738 1879 1065 1959 Aegio-Saxonicum
1086 1879 1167 1940 duas
1188 1878 1249 1941 ba·

152 1988 261 2052 buisae
271 1990 410 2071 litteras,
429 1992 541 2071 quibus
552 2009 635 2052 nuno
646 1992 754 2071 lingua
767 1991 904 2073 Anglioa
918 2000 1018 2065 naret,
1039 1987 1112 2052 dioo
1124 1982 1150 2047 'b
1164 1999 1198 2052 et
1210 1991 1245 2071 ir,

149 2115 212 2157 non
235 2116 314 2158 varo
336 2097 487 2160 habuisse
500 2099 622 2160 litteras
635 2102 664 2174 j.
685 2098 716 2159 k.
737 2117 768 2178 q.
788 2118 817 2158 o.
840 2118 868 2159 a.
911 2097 1125 2177 Aiphabetum
1140 2106 1248 2160 autem

150 2198 308 2266 Gallicum
331 2215 364 2267 et
385 2206 554 2288 Anglioum
578 2207 704 2268 omnino
716 2224 778 2268 non
791 2203 951 2288 differunt,
974 2205 1035 2266 nisi
1049 2203 1133 2286 quod
1152 2205 1250 2267 multo

149 2309 344 2392 frequentior
363 2325 416 2376 est
436 2314 539 2377 littera
550 2335 578 2376 rr
591 2314 674 2395 apud
691 2316 823 2399 Anglos.
866 2316 917 2378 Ex
933 2317 995 2378 irae
1007 2316 1246 2396 alphabetorum

149 2417 354 2481 similitudine
376 2420 494 2483 laetum
516 2430 586 2503 est,
611 2431 646 2484 ot
665 2442 774 2486 eorum
798 2425 967 2488 vorborum
989 2427 1133 2504 formae,
1168 2443 1250 2506 quan

149 2544 169 2587 a
192 2525 299 2608 lingua
312 2524 438 2589 Gallica
455 2531 551 2612 Arrgli
566 2531 700 2591 mutuati
717 2540 802 2611 sunt,
823 2552 885 2594 uon
901 2541 1070 2613 tantopere
1086 2531 1250 2594 differrent

149 2653 169 2697 a
189 2635 369 2716 primitivis,
393 2655 487 2718 quam
508 2654 592 2717 quae
614 2654 655 2697 ex
678 2637 785 2719 lingua
805 2638 1124 2720 Aegio-saxonica,
1153 2658 1250 2722 quum

149 2745 182 2803 io
204 2740 256 2802 his
276 2759 363 2803 nova
377 2759 477 2823 saepe
489 2742 666 2804 adhibenda
678 2754 789 2805 essent
803 2746 908 2825 signa.
951 2744 1072 2808 Contra
1093 2748 1125 2806 si
1146 2763 1249 2827 quaa-

149 2849 227 2910 ritur
255 2857 359 2911 utrum
391 2866 490 2911 sonus
517 2867 644 2932 quoque
665 2850 839 2911 litterarum
861 2870 904 2912 ex
927 2851 1036 2933 lingua
1059 2850 1184 2914 Gallica
1208 2869 1250 2912 an

150 2955 256 3038 potius
277 2974 320 3017 ex
341 2956 654 3040 Aegio-Saronico
673 2955 838 3019 derivatus
870 2961 933 3040 sit,
965 2978 1029 3020 nou
1060 2959 1251 3039 mirabimur,

154 3061 238 3145 quod
259 3062 322 3125 hae
342 3066 374 3124 in
396 3083 433 3126 re
457 3066 561 3148 magis
582 3083 659 3126 sese
679 3065 854 3146 applicavit
878 3067 918 3128 ad
947 3069 1099 3130 rationem
1122 3069 1253 3150 linguae

152 3174 478 3257 Aegio-Saxonieae,
502 3195 571 3238 eum
594 3178 730 3239 maxime
752 3193 825 3237 oum
848 3177 909 3237 bae
929 3178 1098 3238 eonveoiat
1130 3175 1255 3236 indoles
1352 3224 1354 3231 .

151 3288 250 3362 atque
273 3281 434 3365 ingenium
457 3282 586 3364 linguae
609 3284 777 3365 Anglieae.
820 3282 966 3346 Difficilis
988 3293 1021 3343 et
1043 3299 1180 3362 operosa
1202 3286 1254 3341 ast

151 3387 233 3450 haeo
247 3389 453 3473 investigatio
465 3406 615 3450 sonorum
629 3392 827 3471 antiquarum
842 3391 1035 3473 linguarum,
1059 3408 1161 3471 oeque
1182 3388 1253 3450 sine

153 3497 389 3575 comparatione
410 3496 566 3558 variarum
590 3495 795 3560 dialectorum
818 3497 928 3577 perfloi
950 3492 1119 3579 potest*).
1157 3496 1255 3557 Non-

168 3666 203 3726 *i
220 3669 274 3737 Qui
291 3671 520 3735 comparationem
546 3672 618 3722 later
634 3673 758 3735 linguam
777 3669 1064 3736 Aegio-saxonicam
1091 3674 1117 3719 et
1142 3668 1253 3732 prinam

218 3759 331 3823 linguae
349 3761 483 3825 Angiloae
501 3764 613 3812 lernam
632 3761 774 3811 instituere
790 3763 857 3825 ruit,
876 3761 1000 3822 inspiciat
1014 3759 1129 3824 Wriplrt
1138 3759 1254 3820 dilal-

218 3849 327 3911 tiocli,
351 3849 527 3916 „Reliquiae
544 3850 707 3917 Antiqaad‘
726 3866 780 3916 quo
799 3853 825 3902 ln
845 3866 925 3917 opere
944 3852 1078 3914 permulta
1096 3852 1187 3900 insunt
1203 3862 1253 3897 ex·

215 3943 305 4004 empta
322 3942 433 4005 linguae
451 3944 583 4005 anglicae
601 3956 633 3993 ea
649 3952 738 3995 aetate
756 3931 876 4007 scripta,
911 3944 958 3993 ubl
977 3940 1094 3993 nondum
1112 3946 1170 3991 erat
1190 3952 1252 4003 prr-

217 4032 300 4081 mixto
318 4043 378 4080 oum
396 4030 489 4095 lingua
507 4031 628 4082 tialllea.
