2940 4514
207 507 267 569 sed
307 527 369 568 non
400 509 645 587 pronuntiantur.
701 506 874 567 Praeterea
910 502 1012 562 littera
1045 499 1252 560 semivocalis
1282 518 1305 574 y

208 614 334 687 (Gerar.
349 618 388 691 j)
410 634 471 674 non
494 613 619 677 auditur
640 613 701 674 nisi
722 612 810 675 lnitlo
831 611 992 692 syllabam
1018 610 1048 667 la
1070 603 1205 671 Gallicis
1226 623 1304 668 voro

208 721 326 798 vorbis,
348 740 433 802 quae
455 723 485 782 iu
505 740 570 798 yae
593 728 722 797 exeunt,
747 724 778 781 ln
801 720 893 780 vocis
914 719 977 778 llne
997 716 1132 778 auditur.
1183 716 1305 777 Littera

207 847 238 885 m
250 827 388 906 dariique
401 837 473 906 post
486 836 603 888 mutarn
617 827 750 887 litteram
765 845 826 887 non
840 826 993 904 reperitur
1006 825 1036 883 iu
1047 824 1155 906 lingua
1169 822 1306 903 Angllca

208 942 237 1000 iu
254 960 317 1001 nna
332 941 509 1021 eademque
522 942 657 1021 syllaba.
702 940 811 1003 Altera
824 958 866 1001 ex
878 949 978 1019 parte,
1001 938 1081 1000 duas
1095 945 1307 1000 consonantes

208 1045 289 1106 liaeo
315 1048 422 1123 lingua
446 1047 551 1122 habet,
573 1066 656 1128 qnae
677 1048 817 1126 antiquis
828 1046 889 1106 illis
902 1046 1017 1125 linguis
1029 1044 1173 1125 deerant,
1194 1063 1307 1126 nempe

208 1156 364 1234 palataies
386 1155 427 1214 cla
451 1164 483 1215 et
497 1158 538 1231 j,
568 1162 603 1216 nl
633 1155 802 1216 audiuntur
830 1155 861 1215 in
883 1152 1019 1215 vocibus
1042 1155 1164 1227 charoli
1186 1160 1217 1215 et
1231 1155 1306 1230 jero·

209 1263 385 1340 {linariolas
410 1272 530 1337 antem,
554 1281 637 1343 quae
659 1264 688 1322 in
706 1263 811 1341 lingua
825 1261 952 1326 Gallica
965 1260 1172 1342 designantur
1194 1262 1308 1324 litteris

240 1377 272 1430 et
295 1371 353 1449 olr,
382 1371 606 1452 significantur
635 1371 665 1430 in
695 1372 802 1451 lingua
836 1370 971 1454 Auglica
1004 1368 1116 1432 litteris
1143 1372 1175 1430 ai
1200 1378 1233 1431 et
1253 1373 1307 1448 alr,

209 1479 274 1537 trel
295 1484 333 1554 tt,
354 1497 401 1552 se,
426 1481 468 1556 σι’,
492 1487 526 1537 ut
547 1481 577 1538 iu
601 1479 738 1539 vocibus
757 1483 870 1555 cision,
892 1480 977 1556 skip,
997 1481 1117 1553 nodva,
1137 1495 1309 1559 asareem,

208 1588 334 1644 aicium.
367 1583 473 1645 Habet
491 1584 586 1664 igitur
600 1586 708 1666 lingna
723 1586 858 1667 Anglica
870 1586 929 1646 has
941 1588 1064 1647 litteras
1078 1592 1308 1646 consonantes:

209 1707 415 1771 Gutturales:
466 1710 499 1788 lr,
519 1732 552 1787 9,
577 1712 609 1788 lr,
633 1726 691 1786 '²93

214 1817 397 1879 Palatales:
463 1818 515 1893 oli,
530 1821 552 1892 j
573 1827 605 1877 et
626 1818 856 1878 semivocalem
876 1838 916 1895 μς

214 1923 399 2005 Lingualas:
454 1929 477 1998 t,
500 1926 531 1998 d,
554 1923 588 1982 tir
611 1916 688 2000 (e),
713 1923 747 1981 tir
771 1920 854 2005 (p),
877 1923 928 1999 sla,
950 1926 991 2003 si,
1014 1944 1041 2001 s,
1066 1944 1102 2001 η
1125 1921 1310 2004 quibusad·

457 2033 581 2096 ‹leudae
604 2043 678 2095 sunt
699 2034 837 2115 liquidae
861 2055 894 2113 a,
917 2035 940 2114 l,
964 2053 997 2111 r3

214 2138 384 2200 Labiales:
458 2161 492 2216 p,
515 2142 545 2217 d,
564 2144 592 2219 s,
615 2162 650 2218 υς
675 2150 800 2219 praeter
822 2141 1034 2202 semivocales
1055 2162 1083 2202 w
1105 2150 1138 2202 et
1157 2161 1197 2201 m,

296 2248 389 2309 Haeo
417 2246 530 2326 habui,
560 2266 644 2327 quae
672 2247 713 2308 de
741 2246 843 2327 signis
874 2247 1027 2326 sonisque
1055 2249 1133 2326 ipsis
1162 2246 1311 2327 dicerem,

216 2361 417 2413 transeamus
439 2371 519 2414 nuuc
541 2350 580 2414 ad
603 2352 795 2414 mutationes
817 2370 924 2413 eorum
948 2349 1143 2412 tractandas.

246 2775 304 2836 llll
328 2774 566 2841 SlGNORUM
590 2774 906 2854 sonultUerUu
930 2773 1279 2840 MU'l'A'l'lONlBUS.

299 3095 364 3156 Aut
385 3103 522 3157 mutatur
543 3095 644 3157 solum
665 3097 804 3178 signum,
828 3116 908 3158 sono
921 3116 981 3159 non
995 3107 1129 3179 mutato,
1152 3100 1310 3162 anisolus

215 3221 329 3282 sonus,
342 3205 435 3282 signo
447 3216 590 3286 servato,
605 3214 660 3267 aut
672 3205 808 3287 denique
820 3216 852 3267 et
866 3226 966 3268 sonus
980 3219 1012 3268 et
1023 3210 1149 3290 signum
1165 3217 1310 3272 mutatur.

302 3312 329 3373 l.
351 3313 386 3374 lu
402 3315 550 3394 vocibus,
575 3333 658 3395 quae
679 3335 698 3376 e
720 3316 828 3397 lingua
843 3316 1311 3397 Angla-Saxonioaderivatae

215 3430 300 3487 sunt,
320 3421 366 3481 ita
389 3422 574 3502 plerumque
596 3422 698 3483 solum
713 3423 838 3505 siguum
852 3430 1006 3484 mutatum
1020 3432 1083 3503 est,
1108 3424 1194 3484 utsii
1207 3422 1312 3487 littera

217 3523 345 3587 Gallica
359 3528 430 3587 loco
444 3528 568 3588 litterae
582 3527 892 3608 sagio-saxonicae
904 3530 1017 3610 posita
1062 3528 1204 3606 Quarum
1218 3546 1311 3592 eorn-

217 3633 423 3693 mutationum
436 3632 648 3712 gravissimae
668 3644 743 3695 sunt
762 3633 838 3696 hae:
861 3635 990 3697 'l'ransit
1008 3640 1031 3715 f
1046 3639 1078 3696 ln
1102 3633 1203 3698 media
1226 3657 1310 3701 voce

218 3744 249 3801 lu
270 3761 308 3818 o,
341 3748 375 3800 ut
405 3739 435 3800 in
465 3740 564 3800 verbo
593 3741 732 3822 decom,
763 3760 804 3802 ex
828 3743 922 3822 Angl.
945 3742 1023 3803 Sex.
1047 3743 1163 3821 lreofoo
1185 3775 1224 3788 -
1246 3746 1309 3807 Pro

218 3866 264 3908 ow
287 3847 437 3908 scribitur
456 3826 499 3927 qd
521 3847 694 3909 —Littera
709 3868 738 3928 c,
761 3868 822 3910 non
835 3858 1038 3930 sequentem,
1061 3851 1173 3911 transit
1190 3852 1220 3912 in
1237 3853 1259 3912 k
1274 3885 1309 3898 -

159 4030 166 4037 Ι
220 3955 382 4015 Mutantur
400 3962 566 4034 praeterea
587 3958 682 4036 signa
701 3956 991 4036 Angla-Saronico
1012 3955 1037 4018 ’ὁ
1062 3967 1093 4018 et
1114 3965 1136 4042 1>
1159 3959 1188 4019 in
1212 3962 1246 4019 ra
1269 3992 1309 4007 -

221 4061 388 4126 Postremo
410 4066 615 4127 commutatio
637 4065 673 4127 ut
694 4065 774 4127 inter
796 4088 816 4127 u
839 4077 872 4128 et
895 4086 922 4128 ro
944 4078 1039 4147 atquo
1063 4071 1143 4129 iuter
1164 4075 1177 4127 i
1196 4077 1228 4128 et
1248 4090 1278 4146 y.
